3000 4000
183 67 696 179 Fabricans
198 227 528 348 Curia
795 112 1155 204 Vû par nous
1341 133 2460 221 le procès verbal fait par l'huissier
665 255 2538 322 Bertaud le 15e 8bre 1767 à la requête et accompagné des Sr jurés gardes
650 344 2519 435 de la communauté des maîtres et marchands fabriquants en etoffes de
650 446 2547 539 soyes de cette ville, par lequel il est établi que jeanne Curia fille de maitre
656 549 2543 638 étoit contrevenüe à la disposition de l'art. 4 du tit.b des statuts et reglemens
638 655 2432 740 de lad.comté en occupant sur deux métiers trouvés dans son domicile
636 755 2490 845 quay St Clair, deux compagnons dont l'un n'avoit même aucun droit ni
629 858 2462 943 qualité attendû que conformément aud. art et à la permission que les
632 964 2525 1054 maîtres gardes de lad. comté luy avoient donné, elle ne pouvoit avoir
627 1074 2508 1166 qu'un métier, et ne le faire valoir que par ses mains, il est en outre
626 1184 2444 1271 établi par led. verbal qu'elle étoit aussi contrevenüe aux dispositions
605 1292 2468 1395 des art. 4. et 5. du tit. II desd. statuts et reglemens en achetant des Soyes
620 1409 2532 1499 teintes de toutes mains sans en avoir pû justifier par aucuns livres de
596 1520 2552 1608 compte et de devidage, factures, ni billets de qui elle les tenoit; pour en
591 1634 2535 1719 constater led. huissier à la susdite requisition avoit saisi dans sond. domicile
593 1744 2567 1835 quelques flottes soye trame et organcin Bleu, Blanc, et Roze du poid de
602 1856 2561 1958 quatre onces dix huit deniers ; dont et du tout avoit été rédigé led. verbal;
578 1981 2558 2078 l'assignation donnée par led. huissier le 30e 9bre der à lad. Curia pour en
578 2098 2519 2195 venir pardevant nous aux fins de se voir dire pour ses contraventions
561 2222 2571 2325 aux articles cy dessus rapellés que les soyes saisies à son préjudice
569 2350 2576 2445 seroient confisquées, et qu elle seroit condamnée en l'amande de cinq cent livres d'une
557 2473 2517 2568 part,et en celle de trente livres d'autre avec depens, oüi lesd. Sr jures
530 2602 2496 2703 gardes, vû les articles cy dessus dattés desd. reglemens, vû aussi lesd. soyes
527 2735 2474 2828 saisies, lad. dlle Curia n'étant comparüe ny personne pr elle, et oüi
533 2858 1550 2957 sur letout Mr Marie Pierre Prost #.
591 3013 2559 3129 Il est dit deffaut faute de comparution contre lad. Dlle Curia et pour
507 3143 2483 3246 le proffit d'iceluy, que pour les contraventions par elle commises aux
504 3272 2592 3384 dispositions des articles 4. du tit. b et 4 et 5 du tit. II des statuts et reglemens
486 3407 2538 3503 de la communauté des maitres fabriquants en etoffes de soyes de cette
489 3538 2624 3629 ville en occupant sur l'un des ses metiers un compagnon qui n'avoit aucuns
