3000 4000
1020 46 2652 283 droit ni qualité, et encore en achetant des soyes teintes de toutes mains
999 147 2628 352 sans avoir pû justifier de qui elle les tenoit, lesd. contraventions
1017 255 2664 448 constatées par le procès verbal de l'huissier Bertaud du 15e 8bre der
1020 360 2612 529 que les soyes saisies et énoncées aud. verbal sont et demeurent
993 465 2682 652 confisquées, lad. Dlle Curia condamnée conformément à l'art 4. du tit
993 567 2628 739 b desd. reglemens en l'amande de trente livres d'une part et en
975 671 2634 842 celle de cinq cent livres d'autre part pour la contravention aux
975 773 2661 956 art. 4. et 5. du tit 11 des mêmes reglemens, au payement desquelles
954 878 2652 1065 amandes elle sera contrainte par les voyes de droit même par corps
942 1007 2661 1182 lad. Dlle Curia condamnée en outre aux depens liquides à sept livres
954 1112 2658 1283 dix sols, outre le colle sceau et signiffication des présentes, deffenses luy
945 1214 2640 1387 étant faites d'avoir à l'avenir plus d'un métier dans son domicile
933 1326 2670 1504 lequel métier il luy est enjoin d'occuper par elle même et de récidiver
939 1442 2036 1559 sous plus grandes peines : Et passé outre #
