3888 5184
1080 370 3148 536 Journal "Le Nouveau Lyon" du 12 Décembre 1894
978 696 2900 854 La grève générale
926 901 1874 953 Nul n'ignore qu'une crise intense
850 959 1864 1015 sévit sur toutes les industries françai¬
860 1021 964 1070 ses.
918 1083 1876 1140 On a souvent tourné en dérision le
866 1141 1864 1197 commerçant lyonnais et son éternelle
862 1207 1876 1259 habitude d'essuyer au coin de l'oeil
872 1267 1868 1321 une larme souvent absente sur le
860 1327 1536 1381 mauvais état des affaires.
928 1391 1860 1441 Il faut pourtant reconnaître qu'au¬
864 1451 1868 1505 jourd'hui, si la larme n'y est pas, elle
864 1513 1860 1567 pourrait, elle aurait le droit de s'y
846 1574 1070 1625 trouver.
924 1634 1876 1687 Les évaluations les plus modestes
864 1695 1850 1745 ont fixé à deux cents millions les per¬
868 1755 1858 1809 tes subies par la place de Lyon au
864 1815 1600 1867 cours de la présente année.
920 1879 1860 1925 Les cours de la soie se sont effon¬
870 1937 1862 1987 drés et les détenteurs de soieries, fa¬
868 1995 1860 2047 bricants et autres, ont vu baisser du
864 2055 1862 2107 simple au double la valeur des mar¬
854 2117 1872 2171 chandises qu'ils avaient en magasins
866 2173 1858 2227 et qu'il leur fallait payer eux-mêmes
864 2235 1860 2287 aux cours élevés des époques d'achat
862 2295 1854 2341 pour les revendre aux prix avilis du
868 2355 1296 2403 moment actuel.
928 2419 1862 2465 Ajouter à cela la concurrence étran¬
862 2478 1852 2525 gère, le marché régulateur de la mode
866 2538 1866 2585 qui abandonne insensiblement Paris
888 2595 1862 2645 pour se répartir peu à peu entre
888 2651 1368 2699 Vienne et Londres.
934 2719 1868 2769 Ajoutez les efforts des fabriques de
864 2777 1860 2825 Créfeld, Zurich et Côme ; la création
862 2837 1848 2883 de l'industrie soyeuse en Russie, où
866 2895 1860 2943 des maisons lyonnaises ont dû aller
866 2955 1858 3001 fuir les exigences ouvrières et les
862 3011 1428 3055 exactions douanières.
932 3075 1862 3121 Ajoutez enfin l'émigration continue
868 3135 1846 3181 du tissage de Lyon à la campagne, la
866 3191 1848 3237 création des grandes usines mécani¬
866 3250 1846 3297 ques à Tarare, à l'Arbresle, dans la
872 3307 1844 3351 vallée de la Brevenne, dans le Haut-
888 3368 1846 3417 Rhône, à Voiron, dans l'Ardèche, et
880 3422 1860 3473 ces indications sommaires suffisent
888 3480 1860 3531 pour démontrer que notre grande
888 3540 1860 3589 cité est menacée plus gravement que
888 3597 1846 3646 jamais, qu'elle est atteinte jusqu'aux
888 3653 1848 3698 sources mêmes de sa prospérité et que
884 3709 1838 3761 ce n'est pas trop du concours dévoué
886 3768 1838 3817 de tous ses enfants pour la tirer de ce
888 3824 1200 3865 mauvais pas.
940 3886 1852 3937 L'industrie lyonnaise traverse donc
884 3942 1842 3993 manifestement une crise des plus gra¬
898 3998 1850 4055 ves ; la ville entière en souffre ; toutes
888 4056 1850 4109 les industries de luxe en subissent le
890 4111 1834 4169 contre-coup et il suffit de voir la pei¬
888 4171 1852 4233 ne qu'ont les théâtres à se remplir,
892 4230 1838 4291 pour se rendre compte de la gêne
888 4284 1860 4351 générale et des sacrifices que chacun
886 4345 1840 4413 doit faire pour équilibrer son budget,
886 4407 1832 4471 réduit désormais à la portion con¬
880 4463 992 4509 grue.
934 4533 1832 4605 Or, c'est juste ce moment-là que
878 4593 1830 4669 choisissent les meneurs du prétendu
1982 908 3002 956 parti ouvrier, pour se ruer sur cette
1976 966 3002 1018 industrie déjà malade et lui porter le
1978 1032 3012 1080 coup de grâce, bien certains qu'elle
1974 1094 2994 1140 se trouve dans l'impuissance de lutter
1976 1158 2460 1204 et de se défendre.
2026 1222 2994 1268 Voilà plus de quinze jours que les
1968 1286 3008 1330 murs de la ville, et particulièrement
1958 1346 2988 1390 les parapets des pont -- où les ou¬
1966 1406 3002 1450 vriers tisseurs de la Croix-Rousse ne
1969 1456 2992 1512 passent jamais -- sont couverts d'affi¬
1976 1530 2988 1574 ches insensées, anonymes comme
1966 1590 2988 1636 toutes les mauvaises actions, annon¬
1970 1650 3004 1696 çant la formation d'une "commission
1976 1708 2988 1758 exécutive de 43 membres (?), pour le
1958 1770 2982 1816 relèvement des salaires". cette com¬
1952 1832 2988 1884 mission met en interdit, met à l'index
1964 1890 2984 1944 telles ou telles maisons de soieries,
1962 1950 2976 2004 nominativement désignées, avec des
1968 2010 2968 2066 épithètes plus ou moins outrageantes,
1946 2068 2964 2130 et déclare qu'on les boycottera toutes,
1962 2130 2976 2188 les unes après les autres, jusqu'à ce
1972 2190 2964 2248 qu'elles aient cédé à ses exigences,
1964 2250 2960 2308 c'est-à-dire jusqu'à ce qu'elles aient
1956 2310 2972 2368 accepté des prix de façon tels que le
1952 2370 2968 2428 marché international des soieries se
1960 2428 2964 2488 trouvera débarassé des produits de
1960 2490 2962 2544 Lyon, trop chers, et livré sans con¬
1968 2548 2952 2608 currence aux étoffes de Crèfeld, de
1942 2610 2470 2658 Zurich et de Côme.
2010 2676 2956 2728 Aux affiches ont succédé les réu¬
1948 2734 2956 2792 nions de tisseurs qui, trompés par les
1960 2794 2948 2848 déclamations intéressées et ne regar¬
1954 2857 2946 2911 dant pas plus loin que l'heure présen¬
1954 2914 2954 2968 te, sont forcément séduits par la pers¬
1960 2972 2948 3031 pective immédiate d'une journée plus
1950 3028 2934 3088 élevée et ne songent pas à se deman¬
1944 3090 2942 3150 der si cette journée ne sera pas la
1958 3148 2956 3212 mort de l'industrie française au profit
1958 3208 2704 3264 de la concurrence étrangère.
2016 3272 2948 3334 Ils ont fait comparaître à leur barre
1952 3329 2948 3399 les fabricants qui se sont décidés à s'y
1956 3385 2940 3453 rendre dans un esprit de conciliation,
1956 3443 2956 3513 qualifié par plusieurs de faiblesse
1956 3500 2940 3569 coupable et ils leur ont imposé un
1954 3560 2948 3623 délai de 48 heures pour accepter leurs
1958 3617 2934 3681 conditions et le relèvement des salai¬
1944 3676 2948 3745 res sur une marchandise avilie, non
1950 3730 2934 3801 seulement pour l'avenir, mais encore
1960 3790 2934 3862 pour le passé, c'est-à-dire pour les
1952 3850 2934 3920 pièces en cours de fabrication sur
1944 3906 2926 3978 commande et dont le prix de vente,
1954 3964 2918 4040 déjà convenu avec l'acheteur, ne peut
1956 4024 2396 4080 plus être modifié.
2000 4082 2918 4154 Ce délai expire aujourd'hui mer¬
1944 4138 2932 4218 credi et les meneurs attendront au
1946 4200 2908 4276 Palais de la Bourse la réponse des fa¬
1938 4258 2150 4310 bricants.
1998 4320 2856 4402 Cette réponse n'est pas douteuse.
1992 4384 2888 4468 Quand les pouvoirs publics aban¬
1934 4444 2920 4536 donnent une nation et la livrent à
1936 4510 2900 4600 tous les agissements de ses ennemis
1946 4576 2918 4670 du dehors, il faut ou se démettre ou
1940 4642 2248 4696 se soumettre.
