3888 5184
866 476 3322 763 Lyon le 16 décembre 1894
698 1078 3202 1313 Monsieur le Préfet du Rhône
506 1490 3358 1725 Les soussignés ont l'honneur de vous
446 1730 3458 1957 informer qu'ils organisent une réunion
446 1966 3496 2177 publique à la Brasserie Française, rue des
512 2189 3560 2362 Ecoles, le Mardi 18 décembre à 8 heures
548 2363 3224 2528 du soir avec l'ordre du jour suivant :
590 2566 3332 2707 l'Union des travailleurs par les syndicats
592 2764 1600 2927 professionnels.
746 3152 1898 3329 Mex Braeney
712 3434 2034 3783 2 lieu Gienne-Seize
746 3976 2002 4147 S Mormoniey
