3888 5184
728 550 1518 662 Du 6 janvier 1895
784 784 1426 884 PREFECTURE DU RHONE
720 1002 1492 1090 COMMISSARIAT SPECIAL
584 1284 1522 1398 Mouvement des Tisseurs
708 1549 1412 1657 Mise à l'index
550 1684 1558 1795 de la maison Lanny et Giraud
626 1817 1350 1924 Quai de Retz, 3
554 1955 1490 2055 Usine : Petit rue d'Enfer, 3
2330 656 3044 777 RAPPORT
2048 991 3726 1105 La maison Lanny et Giraud,
1642 1119 3706 1249 quai de Retz, 3, traitant des articles pour
1622 1252 3678 1383 meublement et ornement d'église, a été
1610 1394 3690 1517 mise à l'index, le 2 janvier, courant
1590 1532 3702 1652 à la suite de son refus de payer les prix
1610 1669 3518 1781 de façon établis par le tarif de 1880.
2002 1807 3678 1909 Les ouvriers travaillant pour
1598 1937 3698 2045 cette maison, au nombre d'une trentaine ,
1598 2076 3698 2183 ont quitté l'usine située Petite rue d'enfer,
1598 2212 3670 2321 7, depuis le 2 courant et ne reprendront
1616 2348 3680 2459 vraisemblablement le travail que lorsque
1588 2484 3286 2593 satisfaction leur aura été accordée.
2032 2616 3688 2737 M.M Lanny et Giraud,
1596 2756 3372 2865 de leur côté, sont disposés à traiter
1604 2896 3684 3009 directement avec leurs ouvriers mais ne
1600 3034 3600 3149 veulent nullement entrer en pourparlers
1600 3174 3548 3285 avec le syndicat ouvrier qui leur a
1600 3314 3672 3426 déjà adressé deux lettres de réclamations.
1592 3442 3656 3566 Les ouvriers tisseurs (article meuble) au nombre de cent
1604 3574 3624 3709 environ, se sont réunis hier soir au
1588 3704 3604 3831 café Deconge, Boulevard de la Croix¬
1596 3837 2160 3944 ¬Rousse, 133.
1962 3964 3444 4097 L'anarchiste Polo a parlé
1610 4102 3690 4243 longuement des revendications ouvrières
1600 4240 3614 4383 et a engagé les assistants à continuer
1600 4388 2000 4489 la grève.
2014 4542 3580 4685 Après un vote de confiance en
