3888 5184
1618 505 3234 638 Préfecture du Rhône
1416 997 1718 1118 Minute
1802 846 3628 963 Rédigée pour M. Giudicelli, le 19 Décembre 1894
1844 990 3502 1105 Visée par M. le Secrétaire Général, le 189
1808 1130 3536 1250 Expédiée par M. Préfet, le 24, 12 1894
1700 1495 3560 1600 Monsieur Le Procureur
2392 1618 3696 1730 de la République
2158 1997 3684 2128 En réponse à la demande
1824 2211 3556 2346 de renseignements que vous
1798 2407 3590 2542 m'avez adressée au sujet de la
1814 2615 3746 2756 grève partielle des ouvriers tisseurs
1818 2831 3650 2968 Lyonnais, j'ai l'honneur de
1816 3045 3660 3174 vous faire connaître que cette
1256 3231 3796 3360 grève qui comprend actuellement les ouvriers
1224 3429 3540 3556 du tissage à bras, ceux du tissage
1252 3649 3532 3774 mécanique et les chefs d'ateliers, se
1268 3859 3660 3986 poursuit sans incidents sérieux.
1650 4061 3696 4206 L'origine du conflit est la
1270 4259 3696 4396 revendication de la part des ouvriers
1276 4465 3748 4610 tisseurs à bras de l'application du tarif
1290 4691 3702 4830 accepté par les patrons en 1885, tarif
228 554 1230 648 Secrétariat Général
374 668 1074 754 Pour la police
500 1031 910 1116 4e Division
514 1141 884 1232 1e Bureau
617 2630 856 2691 Objet
190 2736 1386 2865 Crise de l'Industrie
120 2951 1412 3074 du tissage Lyonnais
