3888 5184
990 488 3486 606 dont les prix, de 30% plus élévés que ceux
1010 648 3534 803 payés payés réellement, n'ont jamais été appliqués
944 868 3550 1023 mais que les ouvriers n'exigeraient pas à cause
1054 1070 3484 1215 de la pénurie des affaires jusqu'à ces
1040 1272 1924 1405 derniers temps.
1204 1462 3542 1597 Les nombreuses réunions des ouvriers
1000 1658 3640 1815 et chefs d'atelier de divers syndicats, suivis
1044 1846 3656 2011 d'entrevues avec les patrons, n'ayant pas
1074 2050 3636 2203 abouti à une entente, la grève partielle a
1028 2248 3628 2403 été votée à une grande majorité de préférence
1058 2438 3632 2607 à la grève générale qui a été repoussée à la
1060 2638 3440 2801 presque unanimité ; Aussitôt, quatre
1052 2840 3646 3003 premières maisons ont été nommément
1036 3020 3600 3205 mises à l'index, puis d'autres, toujours
1010 3210 3664 3403 par séries de quatre, le sont au fur et à mesure
1032 3406 3444 3587 que les patrons viennent à résipiscence.
1280 3604 3428 3797 Encouragés par les conseils de la
1052 3790 3626 3993 "Commission générale ouvrière pour le relèvement
1088 3978 3668 4221 des salaires" et pour le succès de leurs commandes,
1054 4178 3298 4403 les "Chefs d'atelier" et les "ouvriers du tissage
1086 4382 3284 4607 mécanique" ont bientôt pris part au
1088 4572 3426 4823 mouvement de revendication et ont, de leur
