3888 5184
874 446 3500 608 côté, adopté le procédé d'une série de
864 656 3560 824 mises à l'index successives pour un certain
882 864 2458 1026 nombre de maisons déjà.
1072 1058 3548 1218 La mise continue ainsi sans prendre
908 1270 3618 1428 d'unité , les ouvriers et chefs d'atelier fermes
914 1468 3612 1628 mais calmes même dans leurs réunions
952 1677 3524 1827 et démarches, les patrons ne cédant le
972 1874 2538 2026 terrain que pas à pas.
1210 2082 3600 2236 Quant au nombre exact des métiers
1024 2282 3540 2446 abandonnés,il est impossible de le
1052 2486 3636 2656 connaître pour le moment, ce nombre
1072 2690 3600 2854 variant à chaque instant suivant le
1044 2898 3622 3072 nombre que celui des chef d'atelier et des
1088 3101 3538 3266 ouvriers employés pour les maisons à
1092 3293 3516 3464 l'index et aussi, des dissidents est
1092 3500 3580 3676 plus ou moins grand ; en tout cas,
1120 3686 3610 3884 ce nombre n'a jamais atteint l'impor-
1096 3888 3644 4086 tance que se sont plu à lui donner
1112 4090 3428 4284 les organes d'une certaine presse.
1610 4320 1998 4478 Agréez.... la plus
