3888 5184
2324 245 2934 391 20 Décembre
1218 509 3598 647 Procès - Verbal de la réunion organisée hier au soir
1162 655 3482 791 à huit heure à la Brasserie Française, rue des écoles
1418 794 3534 913 Aucun incident ayant donné lieu à l'intervention
1192 944 1946 1053 n'est à signaler.
1438 1057 2838 1187 Nombre d'assistants : 2 200
1554 1343 3570 1451 La Séance est ouverte à 9heures et demie  sous la
1190 1482 2386 1591 présidence du Sieur Borias.
1558 1618 3518 1725 Le Bureau est constitué de la façon suivante :
1200 1752 3464 1888 MM. Borias, président ; Labrosse-Bardin et
1192 1897 1936 1997 Sage, Assesseurs.
1456 2029 3604 2143 Dès la constitution du bureau effectuée, le Président
1222 2170 3428 2273 invite les chefs d'Atelier et les ouvriers à former
1190 2304 3556 2417 deux camps. Les chefs d'atelier à la droite du bureau ;
1208 2442 3520 2555 les ouvriers à la gauche. Il invite aussi les conseillers
1180 2581 3440 2695 prud'hommes à prendre place au bureau, et il
1184 2719 3616 2833 remercie les assistants d'avoir répondu en aussi grand
1176 2855 3060 2959 nombre à l'appel des Chambres Syndicales.
1454 3133 2898 3245 Le citoyen Polo, prend la parole.
1366 3273 3454 3383 Il rend compte du résultat obtenu sur les 4
1182 3420 3602 3532 Maisons mises à l'index. La Maison Chavent (art
1184 3550 3612 3682 façonné s'est rendue aux justes réclamations des tisseurs ;
1168 3673 3536 3827 elle a accepté le tarif de 85, en son entier. Seulement
1164 3819 3500 3955 il a peur cette maison ne tienne plus d'ici
1168 3955 3608 4137 deux ou trois mois, l'engagement qu'elle prend aujourd'hui.
1184 4097 3536 4247 Il invite donc l'ouvrier à se grouper en vue de cette
1160 4225 3580 4393 éventualité. La Maison Atuyer. Les chefs d'atelier
1164 4373 3540 4537 de cette Maison ont fait tout ce qu'il était possible
1172 4523 3514 4677 de faire et ils sont arrivés à lui faire accepter le
1162 4657 3552 4825 tarif de 1885, en ce qui concerne les façonnés. Cette
