3888 5184
1142 272 3366 462 Cette maison ne s'est pas encore prononcée sur les
1146 410 3426 592 unis, par ce motif, que d'autres dans son genre font la
1138 546 3482 724 même chose. La maison Algoud. Cette Maison est,
1158 683 3494 854 récalcitrante ; elle ne veut accorder qu'une augmentation
1158 817 3494 990 de 15% sur les pièces en cours et ne donne le tarif de
1162 959 3402 1124 1885, qu'après l'achèvement de ces pièces. La Maison
1138 1097 3478 1252 Ducoté et Coté. Cette Maison n'a pas encore donné une
1158 1238 3454 1387 réponse. Il est bon de dire, dit l'orateur, que les chefs
1158 1376 3414 1516 d'atelier de cette maison ont montré moins d'ardeur
1170 1517 3514 1654 que leurs collègues au même titre. La Maison Beraud
1182 1654 2642 1782 est prête à accepter le tarif de 1885.
1352 1932 3428 2044 Divers autres orateurs prennent la parole,
1160 2075 3432 2186 notamment les citoyens Naudol, Guiromet et
1168 2220 1508 2321 Farjat.
1488 2352 3460 2459 Le Premier invite les tisseurs à se coaliser contre
1170 2490 3388 2600 les fabricants, à l'effet d'obliger ceux-ci à accepter
1176 2620 2176 2724 les conditions demandées.
1412 2757 3380 2886 Le Second donne lecture du Procès-Verbal du 19
1158 2887 3484 3018 Avril 1894 et la constitution d'une commission de
1166 3031 2876 3166 conciliation qui serait ainsi composée :
1732 3161 3496 3300 5 Patrons fabricants ; 5 patrons tisseurs ;
1182 3293 3012 3440 2 Prud'hommes ; 1 conseiller municipal.
1392 3437 3440 3586 Il invite l'ouvrier à cesser le travail pour les
1156 3573 2786 3718 Maisons qui refuseront l'augmentation.
1236 3829 3440 4006 Le 3e, le citoyen Farjat invite toute la corporation
1152 3979 3528 4154 des tisseurs à se mêler à la discussion. Il faut, dit-il
1144 4119 3432 4304 que la grande famille ouvrière soyeuse discute et
1138 4251 3424 4434 délibère si elle doit vivre à la campagne où à la
1130 4377 1350 4492 ville.
