3888 5184
988 327 3300 474 Le citoyen Polo, annonce qu'il apprend qui dans une
648 471 3304 612 réunion tenu pour la Maison Gindre et Cie, la grève de cette
668 619 3284 748 maison vient d'être votée par 143 voix contre 3 et un bulletin
638 751 926 864 blanc.
1072 897 3168 1016 Après toute une série de discussion sans
696 1029 3260 1152 fin, le Citoyen Polo, demande à l'essemblée de bien vouloir
686 1171 2950 1288 ne pas se séparer avant d'avoir pris des résolutions.
1024 1429 3252 1558 Plusieurs fois, les citoyens Naudot, Besacier
690 1583 3152 1690 et Badin qui prennent la parole comme délégués
684 1717 3080 1830 des chambres syndicales sont cause d'un violent
704 1845 3316 1975 tumulte dans la salle. Le citoyen Naudot voyant qu'il
692 1983 3048 2095 lui est impossible de placer une seule parole se retire.
1008 2249 3188 2378 Les propositions suivantes sont posées et
704 2395 2498 2500 après discussion, elles sont adoptées.
932 2523 3284 2648 Réunion aujourd'hui des chefs d'atelier des maisons
694 2667 3232 2786 ci-après : Maison Schutz, Salle Bichommier, Avenue
686 2807 3088 2917 des Tapis, 1 ; Maison Berand, Salle Pelletier, rue
674 2931 3216 3053 Dumenge, 10 ; Maison Poncet, Salle Millet, rue
664 3069 3300 3210 de la Terrasse, 2 ; Maison Gally et Melon, salle Chevallier,
644 3201 2256 3312 159, Boulevard de la Croix Rousse.
958 3483 3090 3592 La continuation de la mise à l'index des Maison
499 3446 2201 3573 Algoud, frères et Coté, Ducoté et Cie.
1016 3729 3200 3868 L'assemblée a également décidé la mise à l'index
682 3869 3212 4009 de quatre nouvelles maisons, les maisons Guivet-¬
666 4001 3294 4155 Delaroche ; Chaverol et Cie, Riverdy (Ancienne
666 4136 2532 4256 Maison Bejuy) ; Poncet père et fils.
814 4385 3224 4552 A la fin de la réunion, le sieur Vetroux, rédacteur
708 4531 3280 4706 au Progrès a annoncé de la part de Monsieur Delaroche
