3888 5184
1206 439 3376 532 la mise à la disposition des grévistes d'une
1218 561 3310 658 somme de cinq cents francs et l'ouverture
1224 695 3472 802 d'une souscription en leur faveur dans les colonnes
1202 821 2440 918 du Journal "Le Progrès"
1496 949 3396 1048 De vifs applaudissements ont salué cette
1202 1083 1800 1174 déclaration.
1528 1335 3400 1436 Le Sieur Simon, rédacteur, au Journal "Le
1174 1473 3400 1564 Peuple" a également annoncé à l'assemblée
1182 1605 3316 1696 qu'une somme de 500 francs serait fournie
1192 1737 2550 1824 par son journal aux grévistes.
1528 1900 3436 1955 La séance a été levée à minuit un quart
1530 2014 2828 2087 Le commissaire de police
1670 2145 2750 2288 Bellua
