3888 5184
320 355 1268 455 du 20 décembre 1894
370 1165 1278 1263 Mouvement des tisseurs
424 1445 1236 1535 Tissage mécanique
404 1715 1200 1807 Mon Gindre
2172 481 2898 590 Rapport
1676 663 3590 822 Ce matin une délégation composée
1440 814 3582 977 de 3 ouvrières de la maison Gindre et
1430 959 3600 1106 3 membres du syndicat s'est rendue auprès
1426 1103 3442 1250 de M. Gindre pour lui demander une
1442 1259 2902 1388 augmentation des salaires.
1756 1382 3538 1518 Ce dernier a répondu qu'il y avait
1440 1530 3484 1668 trois semaines environ qu'il avait aug¬
1414 1679 3430 1807 menté de 30% ses ouvrières et ouvriers,
1442 1809 3598 1947 qu'actuellement il ne pouvait pas accorder
1426 1959 3574 2092 davantage ; que si un personnel persis-
1410 2107 3516 2239 tait à exiger une augmentation, il fer-
1420 2257 3530 2373 merait son usine, qu'il n'y avait donc
1426 2403 3552 2516 pas lieu de continuer des pourparlers sur
1402 2549 1996 2658 cette question.
1736 2691 3362 2798 La délégation s'est alors retirée.
1752 2835 3504 2950 A 2 heures de l'après-midi, une
1412 2981 3484 3094 centaine d'ouvrières ont repris le travail
1406 3129 3564 3246 tandis que ce matin il n'y en avait que
1394 3271 1588 3384 46.
1712 3402 3504 3544 Une vingtaine de grévistes station¬
1402 3552 3476 3680 naient à l'entrée de l'usine, mais il ne
1404 3707 2892 3803 s'est produit aucun incident.
1776 3827 3336 3953 Après la rentrée, 4 à 5 grévistes
1392 3967 3544 4116 seulement sont restées aux abords de l'usine
1412 4113 3620 4266 pour surveiller les ouvrières qui reprendraient
1414 4265 1914 4370 le travail.
1872 4397 3448 4562 La mise à l'index de la maison
1520 4555 3460 4718 Gindre a été votée hier soir dans une
