3888 5184
494 374 1302 481 du 20 Décembre 1894
540 608 1212 717 Préfecture du Rhône
464 830 1292 924 Commissariat Spécial
344 1124 1264 1237 Mouvement des tisseurs
528 1404 1232 1513 Tissage mécanique
300 1674 1162 1801 Mon Gindre
410 1956 1202 2069 Pour rapports précédents
2164 519 2888 632 Rapport
1626 852 3566 961 Ce matin 46 ouvrières tisseuses de
1424 984 3510 1095 la maison Gindre, sur 200 qu'elle
1432 1124 3466 1234 occupe ont repris le travail. Il y
1406 1268 3462 1376 a en outre 200 autres ouvrières tant
1428 1409 3428 1519 apprêteuses que dévideuses qui ne
1414 1547 3482 1657 sont nullement comprises dans le
1392 1689 3568 1796 mouvement et continuent à travailler.
1768 1817 3536 1940 Il y avait ce matin quelques
1410 1966 3396 2084 groupes aux abords de l'usine
1384 2106 3524 2220 mais ils ont été immédiatement
1390 2249 3536 2380 dispersés par les gardiens de la paix
1392 2400 3552 2511 et aucun incident ne s'est produit.
1724 2519 3424 2664 La moyenne du salaire des
1324 2673 3454 2804 tisseuses, est calculée comme suit :
1704 2813 3572 2960 Moyenne du salaire journalier
1364 2975 3500 3112 des 10 plus mauvaises ouvrières, 2f,
1344 3117 3076 3242 26. pendant le mois dernier.
1718 3257 3508 3400 Moyenne du salaire journalier
1344 3403 3544 3552 des 10 meilleures ouvrières, 3f01
1740 3555 3452 3688 Ce qui donne une moyenne
1350 3676 3460 3838 de salaire journalier de 2f68.
1766 3832 3540 3978 Les heures d'entrées et de sorties
1376 3961 3148 4118 sont exactement les suivantes :
1428 4119 3492 4280 Matin : Entrée. 7heures - sortie midi
1428 4267 3400 4422 Soir : Entrée 2h. - sortie 7h
2186 4435 3546 4594 Lyon, le 20 décembre 1894
2252 4587 3528 4768 Le commissaire spécial : L. Perny
