3888 5184
386 1520 902 1610 Réunion
442 1652 846 1748 Publique
1322 687 2186 794 Rapport
1444 1101 3420 1210 J'ai l'honneur de faire connaître à Monsieur
1060 1235 3468 1336 le Secrétaire Général pour la police que la réunion publique
1068 1369 3464 1472 organisée par les chambres syndicales, ouvrières et patronales
1068 1506 3390 1608 des Tisseurs et similaires a eu lieu hier au soir, salle
1064 1637 3504 1760 de la Brasserie Française, Boulevard de la Croix Rousse plus
1072 1771 3022 1884 de Deux mille personnes y assistaient.
1214 1901 3256 2014 Des résolutions importantes ont été votées au
1104 2041 3404 2154 cours de cette réunion : d'abord, on a levé l'index,
1086 2175 3340 2282 en ce qui concerne la Maison Chavent, laquelle a
1080 2313 3372 2422 accepté le tarif de 1885, d'une façon absolue, et en ce
1068 2447 3396 2554 qui concerne les maisons Algoud et Atuyer, la mise
1088 2577 3496 2700 à l'index a été levée, mais seulement en ce qui concerne
1046 2713 3380 2832 les produits façonnés ; elle a été maintenue pour les
1030 2849 1674 2958 produits unis.
1320 2981 3500 3138 Quatre autres maisons ont été mises à l'index
1052 3119 3220 3242 ce sont : Guivet-Delaroche ; Chaverot,
1044 3253 2728 3366 Reveroy et Poncet : père et fils .
1370 3393 3392 3508 Au cours de la réunion, on a annoncé que
1052 3525 3492 3656 les ouvrières de la Maison Gindre, à l'égard de laquelle
1040 3663 3456 3800 la réunion paraissait pourtant bien disposée, venait
1020 3805 3168 3916 de voter la grève par 143 voix sur 147 votants.
1340 3929 3464 4072 L'Agitation parait avoir atteint son paroxysme,
1046 4061 3352 4198 néanmoins, elle ne paraît pas devoir prendre fin
1040 4204 3304 4337 de sitôt. Les Maisons qui n'accepteront pas le
1024 4334 3500 4509 tarif de 1885 seront successivement mises à l'index.
1272 4477 3312 4618 La journée d'aujourd'hui sera consacrée
1010 4608 3336 4760 à des réunions multiples des chefs d'atelier,
998 4736 3472 4910 lesquels après entente, enverront les délégations
