3888 5184
1190 620 2878 748 auprès de leurs maisons respectives.
1568 748 3532 866 La réunion d'hier, s'est terminée fort
1118 878 3474 1004 tard, à minuit. Monsieur Vitroux, rédacteur
1186 1010 3472 1136 au Progrès, a déclaré à la fin de la réunion, au nom
1168 1144 3514 1266 de Monsieur Delaroche que le Progrès mettait
1166 1274 3436 1396 à la disposition des grévistes la somme de cinq
1198 1408 3466 1532 cents francs et qu'il allait ouvrir ans les
1190 1544 3426 1662 colonnes une souscription pour le même objet.
1194 1674 3530 1787 Monsieur Simon, rédacteur au journal le Peuple, ne
1184 1808 3552 1916 voulant pas, a-t-il dit, être en reste de générosité
1178 1944 3446 2050 a déclaré que le Peuple s'inscrivait aussi pour
1154 2086 2588 2186 la somme de cinq cents francs.
1502 2218 3522 2312 Mon rapport plus détaillé sera envoyé dans
1166 2348 2368 2446 la journée à la Préfecture.
1764 2485 3178 2583 La commission de police,
1534 2627 1966 2710 Commissariat
1518 2716 2014 2800 De Police
2220 2706 3078 2868 M. Bellar
