3888 5184
1202 667 2570 799 Préfecture du Rhône
852 955 2918 1089 Gardien de la paix
930 1267 2994 1401 Poste de la Préfecture
604 1585 3204 1725 Service du 19 Décembre 1894
1556 1991 2162 2121 Note
836 2313 3392 2439 M. Gindre, négociant en soieries, qui a ses
356 2467 3368 2601 magasins, 4, rue Puits Gaillot, et ses ateliers rue
416 2609 3596 2763 St Pothin n° 34, prévient par téléphone qu'à la suite
372 2767 3532 2897 de la réunion d'hier soir, il craint que le nombre de
376 2911 3432 3041 ses ouvrières en grève n'augmente dans la matinée, et
352 3065 3474 3198 que les troubles pourraient se produire à la sortie de
354 3214 3120 3354 midi et à la rentrée de 4 heures (rue St Pothin)
796 3351 3432 3502 Il prie Monsieur le Secrétaire Général de
352 3503 3372 3671 vouloir bien prescrire des ordres pour protéger les
340 3661 1708 3795 ouvrières qui travaillent.
2046 3825 3048 3957 Le Brigadier
2164 3983 2812 4115 Bondelier
