3888 5184
1916 384 2640 491 Rapport
1740 680 3462 796 Une réunion privée organisée par
1178 820 3454 934 la Commission du relèvement des salaires et par
1158 954 3394 1073 le syndicat des ouvrières et ouvriers du tisage
1144 1096 3466 1214 mécanique, a eu lieu hier 18 . Boulevard de la Croix
1130 1248 3470 1360 Rousse, 133 dans une des salles du café Desconge
1764 1383 3446 1489 La séance a été ouverte à 8h20 du
1146 1524 1338 1633 soir
1514 1658 3448 1777 200 personnes environ tant hommes que
1116 1809 2714 1910 femmes, assistaient à cette réunion.
1490 1942 3440 2059 Le bureau d'ordre a été ainsi constitué :
1460 2091 2490 2211 Président : Bourde
1452 2231 2390 2348 Secrétaire : Beau
1416 2372 2526 2496 Assesseur : Chozet
1552 2522 3376 2639 Le né Chozet fait connaître que les
1098 2674 3432 2789 maisons Lyonnet, Bonnet et Atuyer ont
1092 2822 3378 2935 augmenté aujourd'hui les salaires de leurs
1096 2972 3424 3093 ouvriers. Il ne reste plus que la maison
1070 3124 3416 3247 Gindre qui n'a pas encore donné satisfaction
1092 3264 3492 3415 à son personnel, qui comprend 350 à 400 ouvriers
1100 3410 3420 3547 ou ouvrières. Chozer dit qu'il faut montrer
1062 3548 3400 3687 beaucoup d'énergie et ne pas avoir peur ; les
1076 3690 3420 3825 personnes qui feront partie de la délégation
1088 3830 3456 3987 chargée de se présenter chez M. Gindre seront
1088 3978 3500 4141 certainement congédiées par celui-ci, mais le
1056 4128 3488 4287 syndicat leur paiera leurs journées jusqu'à ce
1060 4292 3356 4447 qu'elles soient placées et s'occupera même de
1054 4462 2384 4587 leur trouver du travail.
