3888 5184
1342 499 3470 650 Le né Polo au nom des ouvriers et ouvrières
1142 635 3314 784 de la maison Gindre fait connaître que depuis
1142 785 3402 921 un mois environ le personnel de cette usine n'a
1146 911 3342 1049 plus de livret de travail ; ou ne le montre que le
1126 1048 3462 1190 jour de la paie et aussitôt après on le retire ; il
1110 1187 3418 1327 y a beaucoup de pères de famille qui se plaignent
1114 1323 3210 1461 de cela, parce qu'ils ne peuvent savoir ce que
1098 1471 3318 1597 gagnent leurs enfants et d'un autre côté, M.
1098 1610 3046 1731 Gindre peut les exploiter tout à son aise.
1494 1743 3446 1858 Polo ajoute que ce dernier faisait
1096 1887 3432 2006 partie dernièrement d'une délégation de partrons
1094 2025 3230 2144 qui eut une entrevue avec la délégation
1084 2171 3448 2286 ouvrière ; il promit une augmentation comme
1086 2313 3202 2421 tous ses collègues : il faut lui rappeler ses
1078 2459 3364 2568 promesses et savoir si "c'est un homme oui
1048 2599 1536 2716 ou  non".
1564 2737 3392 2856 Chozel approuve ce que vient de dire
1062 2883 3388 3002 le précédent orateur. Il engage les ouvriers
1070 3029 3420 3158 et ouvrières de la Maison Gindre à se réunir
1066 3175 3468 3306 en nombre aujourd'hui à 1 heure de l'après-midi
1054 3322 3180 3443 au moment de la rentrée à l'usine pour
1050 3456 3298 3589 aller trouver le patron et lui demander
1054 3589 3404 3734 une augmentation. La délégation
1054 3730 3336 3872 devra faire connaître le résultat de son
1062 3875 3308 4016 entrevue avec M. Gindre, jeudi soir, à la
1052 4025 3272 4164 Bourse du Travail, où le syndicat sera
1030 4167 1296 4276 réuni.
1516 4325 3388 4480 Le président met aux voix cette
1044 4481 3332 4636 proposition qui est adoptée. Il engage
