3888 5184
348 435 1272 531 du 17 Décembre 1894
452 687 1152 779 Préfecture du Rhône
378 902 1224 1005 Commissariat Spécial
240 1255 1170 1347 Mouvement des tisseurs
388 1533 1092 1627 Tissage mécanique
264 1817 1290 1911 Maison Duchamp. Cours vitton prolongé. 69
2104 569 2846 691 Rapport
1798 789 3424 907 Conformément à la décision prise
1370 938 3462 1067 dans la réunion du tissage mécanique tenue
1364 1078 3464 1201 samedi à la Bourse du Travail, les ouvriers
1342 1227 3514 1341 de la maison Duchamp cours Vitton prolongé
1340 1369 3458 1477 n°23, au nombre de 36 ont envoyé ce matin
1338 1513 3390 1627 une délégation composée de cinq d'entr'eux
1332 1661 3416 1767 auprès du fondé de pouvoir de la Maison,
1356 1801 3472 1907 dont les bureaux sont situés rue Royale 33
1334 1937 3386 2045 pour réclamer une augmentation de trois
1332 2084 2268 2191 centimes par mètre.
1668 2221 3508 2334 Cette augmentation leur a été accordée.
1662 2369 3430 2475 La moyenne des salaires à l'usine
1348 2511 3504 2625 Duchamp, est de 2f50 par journée de 10 heures.
1350 2655 2828 2757 Le travail se fait aux pièces.
1716 2795 3432 2903 Indépendamment des 36 tisseurs
1332 2939 3446 3055 l'usine occupe encore 20 autres femmes,
1326 3081 3316 3197 travaillant comme fileuses. Celles-ci
1302 3231 3272 3343 sont étrangères au mouvement qui
1300 3371 3460 3487 d'ailleurs n'aura pour le moment aucune
1312 3513 1560 3627 suite.
2092 3659 3368 3750 Lyon le 17 Décembre 1894
2316 3773 3368 3906 Le Commissaire spécial
2266 4057 3026 4200 L. Perny
