3888 5184
318 230 1162 392 du 15 Décembre 1894
392 478 1084 636 Préfecture du Rhône
302 696 1164 856 Commissariat Spécial
230 1128 1166 1290 Mouvement des Tisseurs
2042 415 2766 529 Rapport
1538 700 3516 832 Les quatre maisons de soieries mises à
1286 840 3522 978 l'index, Atuyer-Bianchini et Férier, Côte
1266 989 3494 1124 et Ducoté, Chavent et Algoud frères
1296 1133 3406 1262 occupent ensemble 1100 métiers à bras à
1294 1296 2018 1403 Lyon, savoir :
1478 1428 3594 1537 330 pour la Maison Atuyer Bianchini et Férier
1458 1571 2886 1683 300 pour la Maison Chavent ;
1462 1711 3118 1819 250 pour la Maison Algoud, frères ;
1450 1851 3394 1965 250 environ pour la Maison Côte et Ducoté.
1470 1993 3444 2109 Les chefs d'atelier avaient tous ou presque
1262 2143 3450 2259 tous cessé le travail jeudi soir ou hier matin,
1260 2283 3510 2403 mais trois cents environ l'ont repris et sont résolus
1258 2429 3484 2551 à le continuer. Aujourd'hui dans chacune
1260 2577 3512 2695 de ces Maisons il y avait bon nombre de chefs
1258 2725 3566 2841 d'atelier qui venaient chercher des pièces nouvelles.
1422 2873 3550 2983 Les fabricants ont consenti de leur plein gré
1256 3021 3530 3133 à accorder quelques augmentations, mais après
1240 3175 3110 3280 en avoir discuté avec les chefs d'atelier.
1436 3312 3436 3424 Ils se montrent disposés à maintenir ces
1264 3458 3560 3573 augmentations mais à résister à toute demande
1232 3599 3420 3711 d'un caractère impératif ou hautain de la
1258 3737 2088 3843 part des ouvriers.
1500 3875 3538 4002 Ce soir aura lieu à la Brasserie Française
1264 4025 3568 4157 une réunion des chefs d'atelier pour leur permettre
1256 4175 3550 4309 de se consulter sur ce qu'ils doivent faire envers
1260 4327 3344 4455 leurs collègues qui continuent à travailler.
1974 4487 3270 4607 Lyon le 15 Décembre 1894
1970 4633 3292 4771 Le Commissaire Spécial
2047 4839 2764 4986 L. Perny
