3888 5184
322 334 1268 479 du 8 Janvier 1895
536 604 1180 699 Préfecture du Rhône
456 815 1256 901 Commissariat Spécial
374 1128 1302 1225 Mouvement des Tisseurs
318 1402 1246 1495 Maison Ponchon Bonvalot
394 1538 1002 1629 Bessières et Cie
2106 495 2812 609 Rapport
1626 671 3458 819 La Maison Ponchon Bonvalot Bessières
1396 817 3460 963 et Cie fabricants de soieries, 33 rue Royale, qui
1408 945 3382 1091 a été mise à l'index le 23 décembre 1894 occupe
1408 1079 3462 1219 220 métiers à bras à Lyon, répartis en 160 ateliers
1404 1251 1748 1356 environ.
1652 1353 3486 1480 Une bonne partie de leurs ouvriers auraient
1390 1486 3462 1625 voulu continuer à travailler mais ils ont été
1396 1621 3442 1760 empêchés par leurs collègues grévistes des autres
1398 1757 3446 1890 Maisons et vers le 27 décembre, quatre jours après
1394 1901 3470 2027 la mise à l'index, tous les métiers étaient arrêtés.
1432 2043 3414 2157 Cette suspension n'a duré que deux jours et
1354 2181 3432 2309 journellement depuis lors les ouvriers qui
1366 2315 3472 2443 avaient cessé le travail sont allés demander des
1362 2459 3522 2583 pièces au magasin en sollicitant des augmentations
1338 2605 3454 2723 plus ou moins élevées. De la sorte, les prix de
1362 2745 3364 2861 façon ont été un peu augmentés dans des
1382 2889 3472 3005 conditions débattues entre les fabricants et leurs
1372 3033 3432 3145 ouvriers, mais ces dernièrs n'ont pu réussir à
1370 3175 3402 3295 obtenir l'établissement d'un tarif uniforme
1378 3317 3438 3429 aussi élevé qu'ils le désiraient ; c'est pour cela
1360 3458 3526 3568 que la mise à l'index de cette Maison a été encore
1354 3600 1618 3706 votée.
1564 3728 3448 3836 Il n'y a plus d'ailleurs aujourd'hui
1380 3867 3512 3987 qu'une vingtaine des ouvriers de cette Maison qui
1350 4015 2242 4127 continuent la grève.
2264 4157 3384 4267 Lyon le 8 janvier 1895
2284 4305 3424 4429 Le Commissaire Spécial,
2460 4557 3172 4708 L. Perny
