3888 5184
288 433 1134 558 du 22 Décembre 1894
416 683 1068 790 Préfecture du Rhône
336 914 1144 1002 Commissariat Spécial
300 1211 1198 1324 Mouvement des tisseurs
348 1491 1234 1600 Tissage mécanique
2002 555 2734 681 Rapport
1654 889 3508 1027 Une réunion privée des ouvriers et
1278 1033 3458 1171 ouvrières du tissage mécanique a eu lieu hier,
1288 1169 3530 1309 Place de la Croix-Rousse. 4 dans une des salles
1280 1342 1996 1452 du café Verdior.
1612 1466 3514 1576 La séance a été ouverte à 8h 1/4 et levée à
1266 1613 1642 1723 10heures.
1602 1744 3278 1853 Soixante personnes y assistaient
1566 1882 3518 1987 Le Bureau d'ordre était ainsi composé:
1768 2020 2772 2133 Président : Félix
1748 2161 2888 2271 Secrétaire : Beau
1758 2301 2898 2411 Assesseur : Bourde
1500 2447 3536 2549 Au début de la séance, le né Bourde dit
1264 2585 3314 2689 qu'il est pénible de voir si peu de monde à
1266 2725 3490 2829 cette réunion : il invite les grévistes qui auraient
1250 2863 3428 2969 quelque réclamation à formuler, à prendre la
1234 3003 1562 3125 parole.
1560 3139 3520 3257 Une gréviste de la Maison Gindre, déclare
1256 3285 3360 3393 alors qu'elle est allée à l'usine pour se faire
1276 3426 3452 3538 payer sa pièce étant terminée, et qu'elle avait
1280 3558 3152 3665 discuté avec M. Gindre fils au sujet de
1224 3682 3224 3793 l'augmentation des salaires demandée.
1400 3814 3244 3932 M. Gindre lui aurait répondu qu'elle
1276 3949 3442 4074 pouvait reprendre le travail si ça lui faisait
1280 4081 3516 4214 plaisir mais quant à augmenter les salaires
1268 4215 3444 4355 de ses ouvriers et ouvrières il n'y fallait pas
1272 4359 3496 4505 compter. Elle a ajouté qu'elle s'était rendue
1272 4505 3268 4647 à l'atelier pour prendre les objets qui lui
1276 4653 3408 4801 appartenaient et qu'elle avait remarqué que
