<?xml version="1.0" encoding="utf-8"?>
<PcGts xmlns="http://schema.primaresearch.org/PAGE/gts/pagecontent/2013-07-15" xmlns:tu="timeUs" xmlns:xsi="http://www.w3.org/2001/XMLSchema-instance" xsi:schemaLocation="http://schema.primaresearch.org/PAGE/gts/pagecontent/2013-07-15 http://schema.primaresearch.org/PAGE/gts/pagecontent/2013-07-15/pagecontent.xsd">
<Metadata>
<Creator>prov=University of Rostock/Institute of Mathematics/CITlab/Tobias Gruening/tobias.gruening@uni-rostock.de:name=/net_tf/LA73_249_0mod360.pb:de.uro.citlab.module.la.core.CITlab_LA_ML:v=?0.1
TRP</Creator>
<Created>2018-03-15T17:44:53.464+01:00</Created>
<LastChange>2018-03-23T14:23:54.304+01:00</LastChange>
<tu:title>AD69 9M5</tu:title><tu:desc>No description.</tu:desc><tu:pagenumber>30</tu:pagenumber></Metadata>
<Page imageFilename="IMG_0148.JPG" imageHeight="5184" imageWidth="3888" tu:id="30" tu:url="https://dbis-thure.uibk.ac.at/f/Get?id=GSGPDFUABBGMTEUOYAURJTZZ&amp;fileType=view">
<ReadingOrder>
<OrderedGroup caption="Regions reading order" id="ro_1521811434349">
<RegionRefIndexed index="0" regionRef="r1"/>
<RegionRefIndexed index="1" regionRef="r2"/>
</OrderedGroup>
</ReadingOrder>
<TextRegion custom="readingOrder {index:0;}" id="r1" orientation="0.0">
<Coords points="240,292 240,1562 1280,1562 1280,292"/>
<TextLine custom="readingOrder {index:0;}" id="r1l1">
<Coords points="398,442 439,442 481,444 522,444 564,444 605,445 647,446 688,446 730,446 771,446 813,445 854,444 896,444 937,444 979,444 1020,444 1062,444 1103,444 1145,442 1186,442 1228,442 1228,292 1186,292 1145,292 1103,294 1062,294 1020,294 979,294 937,294 896,294 854,294 813,295 771,296 730,296 688,296 647,296 605,295 564,294 522,294 481,294 439,292 398,292"/>
<Baseline points="398,392 439,392 481,394 522,394 564,394 605,395 647,396 688,396 730,396 771,396 813,395 854,394 896,394 937,394 979,394 1020,394 1062,394 1103,394 1145,392 1186,392 1228,392"/>
<TextEquiv>
<Unicode>du 9 Janvier 1895</Unicode>
</TextEquiv>
</TextLine>
<TextLine custom="readingOrder {index:1;}" id="r1l2">
<Coords points="460,688 495,690 530,690 565,690 600,692 636,692 671,692 706,692 741,693 776,694 812,694 847,694 882,694 917,694 952,694 988,696 1023,696 1058,696 1093,696 1128,698 1164,698 1164,548 1128,548 1093,546 1058,546 1023,546 988,546 952,544 917,544 882,544 847,544 812,544 776,544 741,543 706,542 671,542 636,542 600,542 565,540 530,540 495,540 460,538"/>
<Baseline points="460,638 495,640 530,640 565,640 600,642 636,642 671,642 706,642 741,643 776,644 812,644 847,644 882,644 917,644 952,644 988,646 1023,646 1058,646 1093,646 1128,648 1164,648"/>
<TextEquiv>
<Unicode>Préfecture du Rhône</Unicode>
</TextEquiv>
</TextLine>
<TextLine custom="readingOrder {index:2;}" id="r1l3">
<Coords points="392,912 434,913 477,914 520,916 563,916 606,917 648,918 691,918 734,918 777,920 820,920 862,920 905,920 948,920 991,922 1034,922 1076,922 1119,924 1162,924 1205,926 1248,928 1248,778 1205,776 1162,774 1119,774 1076,772 1034,772 991,772 948,770 905,770 862,770 820,770 777,770 734,768 691,768 648,768 606,767 563,766 520,766 477,764 434,763 392,762"/>
<Baseline points="392,862 434,863 477,864 520,866 563,866 606,867 648,868 691,868 734,868 777,870 820,870 862,870 905,870 948,870 991,872 1034,872 1076,872 1119,874 1162,874 1205,876 1248,878"/>
<TextEquiv>
<Unicode>Commissariat spécial</Unicode>
</TextEquiv>
</TextLine>
<TextLine custom="readingOrder {index:3;}" id="r1l4">
<Coords points="246,1270 297,1270 349,1268 401,1268 452,1268 504,1268 556,1268 607,1268 659,1270 711,1270 763,1270 814,1270 866,1270 918,1270 969,1270 1021,1270 1073,1270 1124,1269 1176,1267 1228,1265 1280,1264 1280,1114 1228,1115 1176,1117 1124,1119 1073,1120 1021,1120 969,1120 918,1120 866,1120 814,1120 763,1120 711,1120 659,1120 607,1118 556,1118 504,1118 452,1118 401,1118 349,1118 297,1120 246,1120"/>
<Baseline points="246,1220 297,1220 349,1218 401,1218 452,1218 504,1218 556,1218 607,1218 659,1220 711,1220 763,1220 814,1220 866,1220 918,1220 969,1220 1021,1220 1073,1220 1124,1219 1176,1217 1228,1215 1280,1214"/>
<TextEquiv>
<Unicode>Mouvement des Tisseurs</Unicode>
</TextEquiv>
</TextLine>
<TextLine custom="readingOrder {index:4;}" id="r1l5">
<Coords points="240,1558 292,1561 344,1562 396,1562 448,1562 500,1562 552,1562 604,1562 656,1561 708,1560 760,1558 812,1558 864,1558 916,1556 968,1556 1020,1556 1072,1556 1124,1556 1176,1558 1228,1560 1280,1562 1280,1412 1228,1410 1176,1408 1124,1406 1072,1406 1020,1406 968,1406 916,1406 864,1408 812,1408 760,1408 708,1410 656,1411 604,1412 552,1412 500,1412 448,1412 396,1412 344,1412 292,1411 240,1408"/>
<Baseline points="240,1508 292,1511 344,1512 396,1512 448,1512 500,1512 552,1512 604,1512 656,1511 708,1510 760,1508 812,1508 864,1508 916,1506 968,1506 1020,1506 1072,1506 1124,1506 1176,1508 1228,1510 1280,1512"/>
<TextEquiv>
<Unicode>Maison Guivet - Delaroche</Unicode>
</TextEquiv>
</TextLine>
<TextEquiv>
<Unicode>du 9 Janvier 1895
Préfecture du Rhône
Commissariat spécial
Mouvement des Tisseurs
Maison Guivet - Delaroche</Unicode>
</TextEquiv>
</TextRegion>
<TextRegion custom="readingOrder {index:1;}" id="r2" orientation="0.0">
<Coords points="1324,487 1324,4749 3576,4749 3576,487"/>
<TextLine custom="readingOrder {index:0;}" id="r2l1">
<Coords points="2148,593 2185,593 2222,593 2259,594 2297,595 2334,595 2371,597 2409,597 2446,597 2483,597 2521,599 2558,599 2595,599 2632,599 2670,599 2707,599 2744,597 2782,597 2819,596 2856,595 2894,593 2894,487 2856,489 2819,490 2782,491 2744,491 2707,493 2670,493 2632,493 2595,493 2558,493 2521,493 2483,491 2446,491 2409,491 2371,491 2334,489 2297,489 2259,488 2222,487 2185,487 2148,487"/>
<Baseline points="2148,558 2185,558 2222,558 2259,559 2297,560 2334,560 2371,562 2409,562 2446,562 2483,562 2521,564 2558,564 2595,564 2632,564 2670,564 2707,564 2744,562 2782,562 2819,561 2856,560 2894,558"/>
<TextEquiv>
<Unicode>Rapport</Unicode>
</TextEquiv>
</TextLine>
<TextLine custom="readingOrder {index:1;} person {offset:10; length:6;} person {offset:20; length:9;}" id="r2l2">
<Coords points="1676,811 1763,813 1851,817 1938,819 2026,821 2114,821 2201,823 2289,823 2376,823 2464,823 2552,821 2639,821 2727,821 2814,821 2902,821 2990,821 3077,821 3165,821 3252,823 3340,824 3428,825 3428,719 3340,718 3252,717 3165,715 3077,715 2990,715 2902,715 2814,715 2727,715 2639,715 2552,715 2464,717 2376,717 2289,717 2201,717 2114,715 2026,715 1938,713 1851,711 1763,707 1676,705"/>
<Baseline points="1676,776 1763,778 1851,782 1938,784 2026,786 2114,786 2201,788 2289,788 2376,788 2464,788 2552,786 2639,786 2727,786 2814,786 2902,786 2990,786 3077,786 3165,786 3252,788 3340,789 3428,790"/>
<TextEquiv>
<Unicode>La Maison Guivet et Delaroche</Unicode>
</TextEquiv>
</TextLine>
<TextLine custom="readingOrder {index:2;} work {offset:0; length:10;} place {offset:23; length:17;}" id="r2l3">
<Coords points="1386,966 1494,968 1602,970 1710,970 1819,972 1927,972 2035,972 2144,972 2252,972 2360,972 2469,972 2577,972 2685,972 2793,972 2902,972 3010,974 3118,974 3227,974 3335,976 3443,976 3552,978 3552,876 3443,874 3335,874 3227,872 3118,872 3010,872 2902,870 2793,870 2685,870 2577,870 2469,870 2360,870 2252,870 2144,870 2035,870 1927,870 1819,870 1710,868 1602,868 1494,866 1386,864"/>
<Baseline points="1386,932 1494,934 1602,936 1710,936 1819,938 1927,938 2035,938 2144,938 2252,938 2360,938 2469,938 2577,938 2685,938 2793,938 2902,938 3010,940 3118,940 3227,940 3335,942 3443,942 3552,944"/>
<TextEquiv>
<Unicode>fabricants de soieries place Croix-Pâquet, 3</Unicode>
</TextEquiv>
</TextLine>
<TextLine custom="readingOrder {index:3;}" id="r2l4">
<Coords points="1374,1115 1476,1113 1579,1111 1682,1111 1785,1109 1888,1109 1990,1109 2093,1109 2196,1109 2299,1109 2402,1109 2504,1109 2607,1109 2710,1111 2813,1111 2916,1111 3018,1111 3121,1111 3224,1111 3327,1111 3430,1111 3430,1011 3327,1011 3224,1011 3121,1011 3018,1011 2916,1011 2813,1011 2710,1011 2607,1009 2504,1009 2402,1009 2299,1009 2196,1009 2093,1009 1990,1009 1888,1009 1785,1009 1682,1011 1579,1011 1476,1013 1374,1015"/>
<Baseline points="1374,1082 1476,1080 1579,1078 1682,1078 1785,1076 1888,1076 1990,1076 2093,1076 2196,1076 2299,1076 2402,1076 2504,1076 2607,1076 2710,1078 2813,1078 2916,1078 3018,1078 3121,1078 3224,1078 3327,1078 3430,1078"/>
<TextEquiv>
<Unicode>qui a été mise à l'index dans la réunion</Unicode>
</TextEquiv>
</TextLine>
<TextLine custom="readingOrder {index:4;} place {offset:10; length:20;}" id="r2l5">
<Coords points="1388,1251 1497,1251 1606,1253 1716,1253 1825,1253 1935,1254 2044,1255 2153,1255 2263,1255 2372,1255 2482,1255 2591,1255 2700,1255 2810,1255 2919,1255 3029,1255 3138,1257 3247,1257 3357,1257 3466,1257 3576,1257 3576,1152 3466,1152 3357,1152 3247,1152 3138,1152 3029,1150 2919,1150 2810,1150 2700,1150 2591,1150 2482,1150 2372,1150 2263,1150 2153,1150 2044,1150 1935,1149 1825,1148 1716,1148 1606,1148 1497,1146 1388,1146"/>
<Baseline points="1388,1216 1497,1216 1606,1218 1716,1218 1825,1218 1935,1219 2044,1220 2153,1220 2263,1220 2372,1220 2482,1220 2591,1220 2700,1220 2810,1220 2919,1220 3029,1220 3138,1222 3247,1222 3357,1222 3466,1222 3576,1222"/>
<TextEquiv>
<Unicode>tenue à la Brasserie Française le 19 décembre</Unicode>
</TextEquiv>
</TextLine>
<TextLine custom="readingOrder {index:5;}" id="r2l6">
<Coords points="1374,1403 1483,1402 1592,1401 1701,1399 1811,1399 1920,1399 2029,1399 2139,1399 2248,1399 2357,1401 2467,1401 2576,1401 2685,1403 2794,1403 2904,1405 3013,1405 3122,1405 3232,1405 3341,1407 3450,1407 3560,1405 3560,1299 3450,1301 3341,1301 3232,1299 3122,1299 3013,1299 2904,1299 2794,1297 2685,1297 2576,1295 2467,1295 2357,1295 2248,1293 2139,1293 2029,1293 1920,1293 1811,1293 1701,1293 1592,1295 1483,1296 1374,1297"/>
<Baseline points="1374,1368 1483,1367 1592,1366 1701,1364 1811,1364 1920,1364 2029,1364 2139,1364 2248,1364 2357,1366 2467,1366 2576,1366 2685,1368 2794,1368 2904,1370 3013,1370 3122,1370 3232,1370 3341,1372 3450,1372 3560,1370"/>
<TextEquiv>
<Unicode>1894 occupe 320 métiers dont 23 seulement</Unicode>
</TextEquiv>
</TextLine>
<TextLine custom="readingOrder {index:6;} place {offset:2; length:4;}" id="r2l7">
<Coords points="1360,1551 1466,1551 1573,1549 1680,1549 1786,1549 1893,1549 2000,1549 2106,1549 2213,1549 2320,1549 2427,1549 2533,1549 2640,1549 2747,1549 2853,1549 2960,1549 3067,1551 3173,1551 3280,1551 3387,1551 3494,1551 3494,1446 3387,1446 3280,1446 3173,1446 3067,1446 2960,1444 2853,1444 2747,1444 2640,1444 2533,1444 2427,1444 2320,1444 2213,1444 2106,1444 2000,1444 1893,1444 1786,1444 1680,1444 1573,1444 1466,1446 1360,1446"/>
<Baseline points="1360,1516 1466,1516 1573,1514 1680,1514 1786,1514 1893,1514 2000,1514 2106,1514 2213,1514 2320,1514 2427,1514 2533,1514 2640,1514 2747,1514 2853,1514 2960,1514 3067,1516 3173,1516 3280,1516 3387,1516 3494,1516"/>
<TextEquiv>
<Unicode>à Lyon ; les autres sont disséminés dans les </Unicode>
</TextEquiv>
</TextLine>
<TextLine custom="readingOrder {index:7;} place {offset:15; length:6;} place {offset:26; length:7;} place {offset:40; length:6;}" id="r2l8">
<Coords points="1348,1693 1459,1691 1570,1691 1681,1691 1792,1691 1904,1691 2015,1691 2126,1691 2237,1692 2348,1693 2460,1693 2571,1693 2682,1693 2793,1695 2904,1695 3016,1695 3127,1697 3238,1697 3349,1697 3460,1697 3572,1697 3572,1592 3460,1592 3349,1592 3238,1592 3127,1592 3016,1590 2904,1590 2793,1590 2682,1588 2571,1588 2460,1588 2348,1588 2237,1587 2126,1586 2015,1586 1904,1586 1792,1586 1681,1586 1570,1586 1459,1586 1348,1588"/>
<Baseline points="1348,1658 1459,1656 1570,1656 1681,1656 1792,1656 1904,1656 2015,1656 2126,1656 2237,1657 2348,1658 2460,1658 2571,1658 2682,1658 2793,1660 2904,1660 3016,1660 3127,1662 3238,1662 3349,1662 3460,1662 3572,1662"/>
<TextEquiv>
<Unicode>départements du Rhône, de l'Isère et de l'Ain. </Unicode>
</TextEquiv>
</TextLine>
<TextLine custom="readingOrder {index:8;}" id="r2l9">
<Coords points="1640,1826 1734,1828 1828,1830 1922,1831 2016,1832 2111,1834 2205,1834 2299,1836 2393,1836 2487,1836 2582,1836 2676,1836 2770,1838 2864,1838 2958,1838 3053,1838 3147,1838 3241,1838 3335,1838 3429,1840 3524,1840 3524,1737 3429,1737 3335,1735 3241,1735 3147,1735 3053,1735 2958,1735 2864,1735 2770,1735 2676,1733 2582,1733 2487,1733 2393,1733 2299,1733 2205,1731 2111,1731 2016,1729 1922,1728 1828,1727 1734,1725 1640,1723"/>
<Baseline points="1640,1792 1734,1794 1828,1796 1922,1797 2016,1798 2111,1800 2205,1800 2299,1802 2393,1802 2487,1802 2582,1802 2676,1802 2770,1804 2864,1804 2958,1804 3053,1804 3147,1804 3241,1804 3335,1804 3429,1806 3524,1806"/>
<TextEquiv>
<Unicode>Le lendemain de la mise à l'index de </Unicode>
</TextEquiv>
</TextLine>
<TextLine custom="readingOrder {index:9;} work {offset:27; length:8;}" id="r2l10">
<Coords points="1360,1968 1467,1970 1574,1972 1681,1972 1788,1974 1896,1974 2003,1974 2110,1974 2217,1974 2324,1974 2432,1976 2539,1976 2646,1976 2753,1976 2860,1976 2968,1976 3075,1976 3182,1976 3289,1978 3396,1978 3504,1978 3504,1875 3396,1875 3289,1875 3182,1873 3075,1873 2968,1873 2860,1873 2753,1873 2646,1873 2539,1873 2432,1873 2324,1871 2217,1871 2110,1871 2003,1871 1896,1871 1788,1871 1681,1869 1574,1869 1467,1867 1360,1865"/>
<Baseline points="1360,1934 1467,1936 1574,1938 1681,1938 1788,1940 1896,1940 2003,1940 2110,1940 2217,1940 2324,1940 2432,1942 2539,1942 2646,1942 2753,1942 2860,1942 2968,1942 3075,1942 3182,1942 3289,1944 3396,1944 3504,1944"/>
<TextEquiv>
<Unicode>leur maison, huit de leurs ouvriers ont</Unicode>
</TextEquiv>
</TextLine>
<TextLine custom="readingOrder {index:10;}" id="r2l11">
<Coords points="1352,2123 1456,2123 1560,2123 1664,2123 1768,2123 1872,2123 1976,2123 2080,2123 2184,2123 2288,2123 2392,2123 2496,2123 2600,2125 2704,2125 2808,2125 2912,2125 3016,2125 3120,2125 3224,2127 3328,2127 3432,2127 3432,2021 3328,2021 3224,2021 3120,2019 3016,2019 2912,2019 2808,2019 2704,2019 2600,2019 2496,2017 2392,2017 2288,2017 2184,2017 2080,2017 1976,2017 1872,2017 1768,2017 1664,2017 1560,2017 1456,2017 1352,2017"/>
<Baseline points="1352,2088 1456,2088 1560,2088 1664,2088 1768,2088 1872,2088 1976,2088 2080,2088 2184,2088 2288,2088 2392,2088 2496,2088 2600,2090 2704,2090 2808,2090 2912,2090 3016,2090 3120,2090 3224,2092 3328,2092 3432,2092"/>
<TextEquiv>
<Unicode>suspendu le travail et les quinze autres</Unicode>
</TextEquiv>
</TextLine>
<TextLine custom="readingOrder {index:11;}" id="r2l12">
<Coords points="1366,2269 1470,2269 1574,2269 1678,2269 1782,2267 1887,2269 1991,2269 2095,2269 2199,2269 2303,2269 2408,2269 2512,2271 2616,2271 2720,2271 2824,2271 2929,2271 3033,2271 3137,2271 3241,2271 3345,2271 3450,2271 3450,2165 3345,2165 3241,2165 3137,2165 3033,2165 2929,2165 2824,2165 2720,2165 2616,2165 2512,2165 2408,2163 2303,2163 2199,2163 2095,2163 1991,2163 1887,2163 1782,2161 1678,2163 1574,2163 1470,2163 1366,2163"/>
<Baseline points="1366,2234 1470,2234 1574,2234 1678,2234 1782,2232 1887,2234 1991,2234 2095,2234 2199,2234 2303,2234 2408,2234 2512,2236 2616,2236 2720,2236 2824,2236 2929,2236 3033,2236 3137,2236 3241,2236 3345,2236 3450,2236"/>
<TextEquiv>
<Unicode>ont continué à travailler, trois ont repris</Unicode>
</TextEquiv>
</TextLine>
<TextLine custom="readingOrder {index:12;}" id="r2l13">
<Coords points="1346,2415 1455,2415 1565,2415 1674,2415 1784,2415 1894,2417 2003,2417 2113,2417 2222,2417 2332,2417 2442,2417 2551,2419 2661,2419 2770,2419 2880,2419 2990,2421 3099,2421 3209,2421 3318,2423 3428,2423 3538,2423 3538,2317 3428,2317 3318,2317 3209,2315 3099,2315 2990,2315 2880,2313 2770,2313 2661,2313 2551,2313 2442,2311 2332,2311 2222,2311 2113,2311 2003,2311 1894,2311 1784,2309 1674,2309 1565,2309 1455,2309 1346,2309"/>
<Baseline points="1346,2380 1455,2380 1565,2380 1674,2380 1784,2380 1894,2382 2003,2382 2113,2382 2222,2382 2332,2382 2442,2382 2551,2384 2661,2384 2770,2384 2880,2384 2990,2386 3099,2386 3209,2386 3318,2388 3428,2388 3538,2388"/>
<TextEquiv>
<Unicode>des pièces depuis, ce qui porte à 18 le nombre</Unicode>
</TextEquiv>
</TextLine>
<TextLine custom="readingOrder {index:13;}" id="r2l14">
<Coords points="1356,2561 1459,2561 1562,2561 1665,2561 1768,2561 1871,2561 1974,2561 2077,2561 2180,2561 2283,2561 2386,2561 2489,2563 2592,2563 2695,2563 2798,2565 2901,2567 3004,2568 3107,2569 3210,2573 3313,2575 3416,2577 3416,2471 3313,2469 3210,2467 3107,2463 3004,2462 2901,2461 2798,2459 2695,2457 2592,2457 2489,2457 2386,2455 2283,2455 2180,2455 2077,2455 1974,2455 1871,2455 1768,2455 1665,2455 1562,2455 1459,2455 1356,2455"/>
<Baseline points="1356,2526 1459,2526 1562,2526 1665,2526 1768,2526 1871,2526 1974,2526 2077,2526 2180,2526 2283,2526 2386,2526 2489,2528 2592,2528 2695,2528 2798,2530 2901,2532 3004,2533 3107,2534 3210,2538 3313,2540 3416,2542"/>
<TextEquiv>
<Unicode>des ouvriers travaillant à ce jour, cinq</Unicode>
</TextEquiv>
</TextLine>
<TextLine custom="readingOrder {index:14;}" id="r2l15">
<Coords points="1346,2707 1420,2707 1495,2707 1570,2706 1645,2705 1720,2705 1795,2705 1870,2705 1945,2705 2020,2707 2095,2707 2169,2707 2244,2707 2319,2707 2394,2707 2469,2709 2544,2709 2619,2709 2694,2711 2769,2712 2844,2713 2844,2608 2769,2607 2694,2606 2619,2604 2544,2604 2469,2604 2394,2602 2319,2602 2244,2602 2169,2602 2095,2602 2020,2602 1945,2600 1870,2600 1795,2600 1720,2600 1645,2600 1570,2601 1495,2602 1420,2602 1346,2602"/>
<Baseline points="1346,2672 1420,2672 1495,2672 1570,2671 1645,2670 1720,2670 1795,2670 1870,2670 1945,2670 2020,2672 2095,2672 2169,2672 2244,2672 2319,2672 2394,2672 2469,2674 2544,2674 2619,2674 2694,2676 2769,2677 2844,2678"/>
<TextEquiv>
<Unicode>seulement sont encore en grève. </Unicode>
</TextEquiv>
</TextLine>
<TextLine custom="readingOrder {index:15;} work {offset:4; length:8;}" id="r2l16">
<Coords points="1564,2847 1663,2849 1763,2851 1862,2851 1962,2853 2062,2853 2161,2853 2261,2855 2360,2855 2460,2855 2560,2855 2659,2855 2759,2857 2858,2857 2958,2857 3058,2859 3157,2859 3257,2861 3356,2863 3456,2865 3556,2867 3556,2762 3456,2760 3356,2758 3257,2756 3157,2754 3058,2754 2958,2752 2858,2752 2759,2752 2659,2750 2560,2750 2460,2750 2360,2750 2261,2750 2161,2748 2062,2748 1962,2748 1862,2746 1763,2746 1663,2744 1564,2742"/>
<Baseline points="1564,2812 1663,2814 1763,2816 1862,2816 1962,2818 2062,2818 2161,2818 2261,2820 2360,2820 2460,2820 2560,2820 2659,2820 2759,2822 2858,2822 2958,2822 3058,2824 3157,2824 3257,2826 3356,2828 3456,2830 3556,2832"/>
<TextEquiv>
<Unicode>Les ouvriers que cette Maison occupe en </Unicode>
</TextEquiv>
</TextLine>
<TextLine custom="readingOrder {index:16;}" id="r2l17">
<Coords points="1360,3001 1466,3001 1573,3001 1679,3003 1786,3003 1892,3003 1999,3003 2105,3003 2212,3003 2318,3003 2425,3003 2531,3003 2638,3003 2744,3005 2851,3005 2957,3005 3064,3005 3170,3007 3277,3007 3383,3009 3490,3011 3490,2905 3383,2903 3277,2901 3170,2901 3064,2899 2957,2899 2851,2899 2744,2899 2638,2897 2531,2897 2425,2897 2318,2897 2212,2897 2105,2897 1999,2897 1892,2897 1786,2897 1679,2897 1573,2895 1466,2895 1360,2895"/>
<Baseline points="1360,2966 1466,2966 1573,2966 1679,2968 1786,2968 1892,2968 1999,2968 2105,2968 2212,2968 2318,2968 2425,2968 2531,2968 2638,2968 2744,2970 2851,2970 2957,2970 3064,2970 3170,2972 3277,2972 3383,2974 3490,2976"/>
<TextEquiv>
<Unicode>campagne ont continué à travailler sans</Unicode>
</TextEquiv>
</TextLine>
<TextLine custom="readingOrder {index:17;}" id="r2l18">
<Coords points="1342,3161 1372,3158 1403,3156 1433,3154 1464,3153 1495,3151 1525,3151 1556,3150 1586,3149 1617,3149 1648,3149 1678,3149 1709,3149 1739,3149 1770,3149 1801,3151 1831,3151 1862,3151 1892,3151 1923,3152 1954,3153 1954,3047 1923,3046 1892,3045 1862,3045 1831,3045 1801,3045 1770,3043 1739,3043 1709,3043 1678,3043 1648,3043 1617,3043 1586,3043 1556,3044 1525,3045 1495,3045 1464,3047 1433,3048 1403,3050 1372,3052 1342,3055"/>
<Baseline points="1342,3126 1372,3123 1403,3121 1433,3119 1464,3118 1495,3116 1525,3116 1556,3115 1586,3114 1617,3114 1648,3114 1678,3114 1709,3114 1739,3114 1770,3114 1801,3116 1831,3116 1862,3116 1892,3116 1923,3117 1954,3118"/>
<TextEquiv>
<Unicode>interruption. </Unicode>
</TextEquiv>
</TextLine>
<TextLine custom="readingOrder {index:18;} person {offset:6; length:6;} person {offset:16; length:9;}" id="r2l19">
<Coords points="1600,3297 1693,3297 1786,3297 1880,3299 1973,3299 2067,3299 2160,3299 2253,3299 2347,3299 2440,3301 2534,3301 2627,3301 2720,3301 2814,3301 2907,3301 3001,3303 3094,3303 3187,3303 3281,3303 3374,3303 3468,3305 3468,3199 3374,3197 3281,3197 3187,3197 3094,3197 3001,3197 2907,3195 2814,3195 2720,3195 2627,3195 2534,3195 2440,3195 2347,3193 2253,3193 2160,3193 2067,3193 1973,3193 1880,3193 1786,3191 1693,3191 1600,3191"/>
<Baseline points="1600,3262 1693,3262 1786,3262 1880,3264 1973,3264 2067,3264 2160,3264 2253,3264 2347,3264 2440,3266 2534,3266 2627,3266 2720,3266 2814,3266 2907,3266 3001,3268 3094,3268 3187,3268 3281,3268 3374,3268 3468,3270"/>
<TextEquiv>
<Unicode>M. M. Guivet et Delaroche sont </Unicode>
</TextEquiv>
</TextLine>
<TextLine custom="readingOrder {index:19;}" id="r2l20">
<Coords points="1324,3445 1427,3447 1531,3447 1635,3448 1739,3449 1843,3449 1946,3449 2050,3449 2154,3449 2258,3449 2362,3450 2465,3451 2569,3451 2673,3451 2777,3451 2881,3451 2984,3453 3088,3453 3192,3455 3296,3455 3400,3457 3400,3351 3296,3349 3192,3349 3088,3347 2984,3347 2881,3345 2777,3345 2673,3345 2569,3345 2465,3345 2362,3344 2258,3343 2154,3343 2050,3343 1946,3343 1843,3343 1739,3343 1635,3342 1531,3341 1427,3341 1324,3339"/>
<Baseline points="1324,3410 1427,3412 1531,3412 1635,3413 1739,3414 1843,3414 1946,3414 2050,3414 2154,3414 2258,3414 2362,3415 2465,3416 2569,3416 2673,3416 2777,3416 2881,3416 2984,3418 3088,3418 3192,3420 3296,3420 3400,3422"/>
<TextEquiv>
<Unicode>résolus à résister aux exigences de ceux de </Unicode>
</TextEquiv>
</TextLine>
<TextLine custom="readingOrder {index:20;}" id="r2l21">
<Coords points="1360,3589 1468,3589 1577,3591 1686,3591 1795,3593 1904,3593 2013,3593 2122,3593 2231,3595 2340,3595 2449,3595 2557,3595 2666,3595 2775,3595 2884,3595 2993,3597 3102,3597 3211,3597 3320,3597 3429,3599 3538,3599 3538,3493 3429,3493 3320,3491 3211,3491 3102,3491 2993,3491 2884,3489 2775,3489 2666,3489 2557,3489 2449,3489 2340,3489 2231,3489 2122,3487 2013,3487 1904,3487 1795,3487 1686,3485 1577,3485 1468,3483 1360,3483"/>
<Baseline points="1360,3554 1468,3554 1577,3556 1686,3556 1795,3558 1904,3558 2013,3558 2122,3558 2231,3560 2340,3560 2449,3560 2557,3560 2666,3560 2775,3560 2884,3560 2993,3562 3102,3562 3211,3562 3320,3562 3429,3564 3538,3564"/>
<TextEquiv>
<Unicode>leurs ouvriers qui demandent l'établissement</Unicode>
</TextEquiv>
</TextLine>
<TextLine custom="readingOrder {index:21;}" id="r2l22">
<Coords points="1344,3728 1453,3730 1563,3730 1672,3732 1782,3732 1892,3734 2001,3734 2111,3734 2220,3736 2330,3736 2440,3736 2549,3736 2659,3736 2768,3736 2878,3738 2988,3738 3097,3738 3207,3740 3316,3740 3426,3742 3536,3744 3536,3641 3426,3639 3316,3637 3207,3637 3097,3635 2988,3635 2878,3635 2768,3633 2659,3633 2549,3633 2440,3633 2330,3633 2220,3633 2111,3631 2001,3631 1892,3631 1782,3629 1672,3629 1563,3627 1453,3627 1344,3625"/>
<Baseline points="1344,3694 1453,3696 1563,3696 1672,3698 1782,3698 1892,3700 2001,3700 2111,3700 2220,3702 2330,3702 2440,3702 2549,3702 2659,3702 2768,3702 2878,3704 2988,3704 3097,3704 3207,3706 3316,3706 3426,3708 3536,3710"/>
<TextEquiv>
<Unicode>d'un tarif uniforme,  mais ils consentent à </Unicode>
</TextEquiv>
</TextLine>
<TextLine custom="readingOrder {index:22;}" id="r2l23">
<Coords points="1342,3865 1449,3867 1557,3869 1665,3870 1772,3871 1880,3871 1988,3873 2095,3873 2203,3873 2311,3873 2419,3873 2526,3873 2634,3873 2742,3873 2849,3873 2957,3873 3065,3873 3172,3875 3280,3875 3388,3877 3496,3879 3496,3779 3388,3777 3280,3775 3172,3775 3065,3773 2957,3773 2849,3773 2742,3773 2634,3773 2526,3773 2419,3773 2311,3773 2203,3773 2095,3773 1988,3773 1880,3771 1772,3771 1665,3770 1557,3769 1449,3767 1342,3765"/>
<Baseline points="1342,3832 1449,3834 1557,3836 1665,3837 1772,3838 1880,3838 1988,3840 2095,3840 2203,3840 2311,3840 2419,3840 2526,3840 2634,3840 2742,3840 2849,3840 2957,3840 3065,3840 3172,3842 3280,3842 3388,3844 3496,3846"/>
<TextEquiv>
<Unicode>leur accorder des augmentations débattues</Unicode>
</TextEquiv>
</TextLine>
<TextLine custom="readingOrder {index:23;}" id="r2l24">
<Coords points="1342,4003 1450,4005 1559,4007 1668,4007 1777,4009 1886,4009 1995,4009 2104,4011 2213,4011 2322,4011 2431,4011 2539,4011 2648,4011 2757,4011 2866,4012 2975,4013 3084,4015 3193,4015 3302,4018 3411,4021 3520,4023 3520,3923 3411,3921 3302,3918 3193,3915 3084,3915 2975,3913 2866,3912 2757,3911 2648,3911 2539,3911 2431,3911 2322,3911 2213,3911 2104,3911 1995,3909 1886,3909 1777,3909 1668,3907 1559,3907 1450,3905 1342,3903"/>
<Baseline points="1342,3970 1450,3972 1559,3974 1668,3974 1777,3976 1886,3976 1995,3976 2104,3978 2213,3978 2322,3978 2431,3978 2539,3978 2648,3978 2757,3978 2866,3979 2975,3980 3084,3982 3193,3982 3302,3985 3411,3988 3520,3990"/>
<TextEquiv>
<Unicode>de gré à gré en écartant l'immixtion des </Unicode>
</TextEquiv>
</TextLine>
<TextLine custom="readingOrder {index:24;}" id="r2l25">
<Coords points="1356,4144 1381,4146 1406,4147 1431,4148 1456,4148 1481,4150 1506,4150 1531,4150 1556,4150 1581,4150 1606,4150 1631,4149 1656,4148 1681,4148 1706,4148 1731,4148 1756,4149 1781,4150 1806,4150 1832,4152 1832,4049 1806,4047 1781,4047 1756,4046 1731,4045 1706,4045 1681,4045 1656,4045 1631,4046 1606,4047 1581,4047 1556,4047 1531,4047 1506,4047 1481,4047 1456,4045 1431,4045 1406,4044 1381,4043 1356,4041"/>
<Baseline points="1356,4110 1381,4112 1406,4113 1431,4114 1456,4114 1481,4116 1506,4116 1531,4116 1556,4116 1581,4116 1606,4116 1631,4115 1656,4114 1681,4114 1706,4114 1731,4114 1756,4115 1781,4116 1806,4116 1832,4118"/>
<TextEquiv>
<Unicode>syndicats. </Unicode>
</TextEquiv>
</TextLine>
<TextLine custom="readingOrder {index:25;} place {offset:0; length:5;}" id="r2l26">
<Coords points="2006,4287 2070,4293 2134,4295 2198,4299 2262,4301 2326,4303 2390,4303 2454,4305 2518,4305 2582,4305 2647,4305 2711,4303 2775,4303 2839,4303 2903,4303 2967,4303 3031,4303 3095,4303 3159,4304 3223,4305 3288,4307 3288,4201 3223,4199 3159,4198 3095,4197 3031,4197 2967,4197 2903,4197 2839,4197 2775,4197 2711,4197 2647,4199 2582,4199 2518,4199 2454,4199 2390,4197 2326,4197 2262,4195 2198,4193 2134,4189 2070,4187 2006,4181"/>
<Baseline points="2006,4252 2070,4258 2134,4260 2198,4264 2262,4266 2326,4268 2390,4268 2454,4270 2518,4270 2582,4270 2647,4270 2711,4268 2775,4268 2839,4268 2903,4268 2967,4268 3031,4268 3095,4268 3159,4269 3223,4270 3288,4272"/>
<TextEquiv>
<Unicode>Lyon, le 9 Janvier 1895</Unicode>
</TextEquiv>
</TextLine>
<TextLine custom="readingOrder {index:26;} work {offset:3; length:19;}" id="r2l27">
<Coords points="2000,4435 2065,4443 2131,4447 2196,4450 2262,4453 2328,4454 2393,4455 2459,4455 2524,4455 2590,4455 2656,4455 2721,4455 2787,4453 2852,4453 2918,4454 2983,4455 3049,4455 3115,4459 3180,4461 3246,4465 3312,4469 3312,4363 3246,4359 3180,4355 3115,4353 3049,4349 2983,4349 2918,4348 2852,4347 2787,4347 2721,4349 2656,4349 2590,4349 2524,4349 2459,4349 2393,4349 2328,4348 2262,4347 2196,4344 2131,4341 2065,4337 2000,4329"/>
<Baseline points="2000,4400 2065,4408 2131,4412 2196,4415 2262,4418 2328,4419 2393,4420 2459,4420 2524,4420 2590,4420 2656,4420 2721,4420 2787,4418 2852,4418 2918,4419 2983,4420 3049,4420 3115,4424 3180,4426 3246,4430 3312,4434"/>
<TextEquiv>
<Unicode>Le Commissaire Spécial</Unicode>
</TextEquiv>
</TextLine>
<TextLine custom="readingOrder {index:27;} person {offset:3; length:5;}" id="r2l28">
<Coords points="2209,4799 2608,4746 2635,4742 2662,4738 2689,4734 2715,4732 2742,4729 2769,4726 2796,4723 2822,4721 2849,4718 2876,4713 2903,4709 2930,4705 2930,4599 2903,4603 2876,4607 2849,4612 2822,4615 2796,4617 2769,4620 2742,4623 2715,4626 2689,4628 2662,4632 2635,4636 2608,4640 2209,4693"/>
<Baseline points="2243,4774 2608,4711 2635,4707 2662,4703 2689,4699 2715,4697 2742,4694 2769,4691 2796,4688 2822,4686 2849,4683 2876,4678 2903,4674 2930,4670"/>
<TextEquiv>
<Unicode>L. Perny</Unicode>
</TextEquiv>
</TextLine>
<TextEquiv>
<Unicode>Rapport
La Maison Guivet et Delaroche
fabricants de soieries place Croix-Pâquet, 3
qui a été mise à l'index dans la réunion
tenue à la Brasserie Française le 19 décembre
1894 occupe 320 métiers dont 23 seulement
à Lyon ; les autres sont disséminés dans les 
départements du Rhône, de l'Isère et de l'Ain. 
Le lendemain de la mise à l'index de 
leur maison, huit de leurs ouvriers ont
suspendu le travail et les quinze autres
ont continué à travailler, trois ont repris
des pièces depuis, ce qui porte à 18 le nombre
des ouvriers travaillant à ce jour, cinq
seulement sont encore en grève. 
Les ouvriers que cette Maison occupe en 
campagne ont continué à travailler sans
interruption. 
M. M. Guivet et Delaroche sont 
résolus à résister aux exigences de ceux de 
leurs ouvriers qui demandent l'établissement
d'un tarif uniforme,  mais ils consentent à 
leur accorder des augmentations débattues
de gré à gré en écartant l'immixtion des 
syndicats. 
Lyon, le 9 Janvier 1895
Le Commissaire Spécial
L. Perny</Unicode>
</TextEquiv>
</TextRegion>
</Page>
</PcGts>