3888 5184
280 218 1258 356 du 20 janvier 1895
536 486 1212 596 Préfecture du Rhône
448 715 1284 816 Commissariat spécial
308 1066 1360 1172 Grève de la maison Prunier
288 1214 1296 1318 Frères (tissage mécanique)
2194 395 2934 511 Rapport
1726 764 3498 879 Le syndicat des ouvrières et
1430 888 3626 1027 ouvriers du tissage mécanique lyon¬
1446 1045 3462 1172 ¬nais, avait convoqué les ouvriers
1430 1192 3652 1310 des usines Marion Crochet, Duchamps
1422 1346 3592 1454 Moreau, Boissier et plus spécialement
1416 1481 3526 1603 ceux de la maison Prunier frères à
1406 1638 3504 1748 une réunion qui a eu lieu hier
1438 1775 3488 1882 25 juillet, à 6h10 du soir, au café de la
1432 1921 3360 2039 terasse, cours Vitton prolongé, 6.
1766 2067 3636 2181 La question de grève a tout d'abord
1396 2213 3516 2329 été écartée, mais il a été décidé que
1380 2363 3480 2474 l'article taffetas, confectionné par la
1384 2503 3634 2630 maison Prunier, chemin du grand camp
1388 2648 2624 2761 31, serait abandonné.
1766 2793 3626 2927 Les ouvrières travaillant pour cette
1392 2952 3472 3081 maison, vont s'occuper à chercher
1384 3094 3574 3235 du travail dans les autres usines.
1372 3243 3604 3390 Quelques-unes seraient déjà embauchées
1660 3387 3472 3524 qaunt aux ouvriers et ouvrières
1384 3531 3444 3666 employés dans les usines citées plus
1368 3672 3462 3809 haut, ils continuent à travailler et
1368 3806 3562 3957 n'ont nullement l'intention de se
1356 3951 2344 4074 mettre en grève.
1714 4099 3268 4240 La rentrée de ce matin à
1374 4239 3352 4391 l'usine Prunier s'est effectuée sans
1378 4397 2302 4511 aucun incident
2160 4561 3320 4711 Lyon, le 26 janvier 1895
2270 4705 3356 4873 Le commisaire spécial
2355 4904 3072 4958 L. Perny
