3888 5184
418 684 1068 828 Préfecture
530 832 921 928 Du Rhone
249 1037 1163 1186 Commissariat Spécial
183 1565 1249 1805 Mouvement des Tiseurs
2025 593 3329 859 Lyon, le 2 Novembre 1894
1893 1390 3204 1647 Monsieur le Préfet
1487 1938 3543 2179 J'ai l'honneur de vous rendre compte que
1128 2095 3604 2326 conformément à la décision prise dans la réunion
1118 2252 3591 2451 publique tenue le 20 courant à la Croix-Rousse,
1115 2390 3636 2582 une nouvelle réunion privée des tisseurs a eu lieu hier
1121 2521 3540 2691 soir au siège du Syndicat ouvrier des tisseurs et
1108 2650 3704 2883 similaires 8, rue d'Austerlitz. Elle a été présidée par
1108 2781 3655 2970 le Né Serre, assisté du Né Bardin, secrétaire. La
1112 2922 3569 3120 salle qui peut contenir une centaine de personnes
1112 3056 3639 3258 était comble et nombre d'individus qui n'avaient
1112 3204 3563 3428 pu y trouver place ont attendu aux abords la fin
1112 3319 3191 3524 de la séance pour en connaître les résultats.
1365 3460 3556 3662 Dans cette réunion qui a duré environ deux
1128 3559 3646 3787 heures, le né Paulot a pris le premier la parole et
1121 3720 3540 3953 engagé les ouvriers à s'unir pour faire aboutir les
1125 3838 3655 4066 démarches de la Commission qui a pris l'initiative
1121 3985 3623 4162 d'un mouvement afin d'obtenir un relèvement des
1108 4110 3633 4354 prix de façon absolument insuffisante aujourd'hui.
1115 4232 3688 4492 Les nés Gadoux, Darnon et Bruyas ont parlé dans
324 4485 1711 4786 Monsieur le Préfet du Rhône.
