3888 5184
802 677 3442 802 le même sens, en faisant ressortir l'avilissement des
800 833 1212 940 salaires.
970 951 3476 1070 Puis divers assistants ont fourni des enseignements
810 1081 3518 1202 sur les Maisons qu'ont imposé les plus forts rabais. Il
790 1221 3590 1334 s'en est suivi une discussion à la suite de laquelle l'assemblée
802 1358 3558 1468 a décidé de mettre à l'index quatre Maisons de fabriques,
806 1490 3430 1599 savoir les Maisons : Atuyer, place Tolozan, 20 et 23 ;
806 1624 3498 1725 Schulz, rue du Griffon, 8 ; Béraud, place Tolozan, 18 :
812 1759 2248 1859 Tresca, frères, rue du Griffon, 8.
1094 1883 3574 1987 Il a été entendu que tous les ouvriers travaillant
814 2023 3578 2132 chez des chefs d'ateliers ayant des pièces pour ces Maisons
820 2163 3488 2263 cesseraient le travail à partir de vendredi, 23 courant.
822 2293 3466 2391 La mise à l'index sera rendue publique par affiches
814 2421 3526 2524 apposées dans les premier et quatrième arrondissements.
1008 2557 3608 2658 A partir de demain une Commission de permanence
792 2700 3552 2800 sera établie, 8, rue d'Austerlitz, à la disposition des
796 2830 3560 2938 ouvriers qui auront quelque renseignement à lui
800 2961 3592 3072 demander et elle s'occupera notamment de procurer du
816 3097 3622 3210 travail à ceux que les mises à l'index prononcées auront
816 3233 3520 3348 réduits au chômage ; une nouvelle réunion aura lieu
792 3367 1588 3469 lundi prochain.
1040 3499 3580 3611 Ainsi que je l'expliquaus dans mon premier rapport
806 3629 3464 3744 les promoteurs du mouvement actuel ont voulu profiter
808 3765 3484 3882 d'une reprise du travail qui se manifeste depuis quelque
818 3895 3588 4022 temps pour obtenir de fabricants une augmentation des prix
808 4033 3554 4158 de façons. Les tarifs établis en 1885 ont en effet subi depuis
786 4171 3524 4294 lors, grâce à la crise persistante, des réductions qui ont
812 4309 3600 4438 atteint 30 à 40 pour % et même 50 pour % sur les velours.
