3888 5184
826 662 3384 761 Or, sauf pour ce dernier article qui a été l'objet d'une
860 794 3620 893 augmentation récente de 50 centimes par mètre, les patrons
820 928 3592 1031 se sont jusqu'à présent refusés à tout relèvement des prix.
1158 1058 3464 1159 L'usage constant dans le tissage est que le chef
834 1182 3562 1291 d'atelier propriétaire du métier, et qui a la charge de
830 1316 3640 1431 son entretien, montage, etc, partage avec l'ouvrier-compagnon
838 1448 3568 1550 qui l'actionne, le produit journalier dudit métier. Dans
830 1568 3550 1678 ces conditions si certains chefs d'ateliers peuvent encore
830 1696 3554 1809 réaliser quelques bénéfices, la situation des ouvriers est
816 1857 3508 1928 assurément modeste. Leur salaire personnel varie de
818 1962 3604 2083 1f50 à 2f50 par jour pour tous les articles courants, et
814 2090 3606 2219 sans parler de l'article riche beaucoup plus rémunérateur
824 2220 3424 2341 mais qui n'occupe qu'une infime minorité. Comme
816 2346 3552 2483 d'autre part le tisseur est obligé de subir de nombreux
824 2478 3632 2623 chômages, soit lorsque l'ouvrage manque, soit lorsqu'une
816 2612 3624 2757 pièce étant terminée le métier doit être disposé pour une
808 2746 3544 2889 nouvelle fabrication, on peut évaluer à 1f25 ou 1f75
802 2878 3140 3017 la journée moyenne de l'ouvrier compagnon.
1016 3012 3500 3165 Sur cinq syndicats professionnels de tisseurs qui
820 3142 3632 3307 existent à Lyon, trois sont unis pour diriger le mouvement
820 3272 3544 3437 actuel savoir : L'Union des Tisseurs et similaires et les
816 3402 3628 3565 deux syndicats exclusivement ouvriers des Tisseurs fédérés
808 3530 3596 3701 et des Tisseurs et similaires. Le syndicat catholique dit
828 3668 3612 3839 Corporation des Tisseurs Lyonnais reste complètement en dehors.
824 3802 3588 3979 Quant au syndicat modéré dit des Tisseurs de la rue Domée
812 3940 3566 4111 il a fait écrire dès le 8 octobre dernier aux deux chambres
814 4068 3566 4247 syndicales de la Fabrique Lyonnaise et de la Soierie Lyonnaise
816 4208 3530 4393 pour rappeler aux patrons leur promesse de relever les
