3888 5184
878 503 3658 652 tarifs lorsque le travail serait plus abondant. Il n'a
918 641 3616 788 reçu aucune réponse, d'où un vif mécontentement parmi
902 781 3530 918 les adhérents qui paraissent résolus maintenant à
914 914 3554 1050 s'associer au mouvement tout en voulant éviter tout
884 1074 1682 1184 procédé violent.
1180 1181 3642 1303 J'aurai soin de m'enquérir du nombre d'ouvriers
902 1313 3666 1441 que pourront réduire au chômage les mises à l'index
890 1437 3598 1572 prononcées hier et d'en informer l'Administration
920 1574 3606 1700 ainsi que de tous les autres renseignements pouvant
918 1708 3298 1830 l'éclairer sur l'importance du mouvement.
1846 1843 2946 1956 Je suis avec respect,
1696 1982 3050 2098 Monsieur le Préfet,
1162 2110 3474 2228 Votre très humble et très obéissant serviteur
1852 2244 3334 2352 Le commissaire Spécial,
2130 2517 3018 2658 L. Perny
