3888 5184
1714 602 3470 699 Réunion publique tenue le vingt-
1334 736 3394 835 deu Mars 1895 "Brasserie Française" par la
1292 866 3600 973 Commission ouvrière pour le relèvement des salaires
1266 996 1934 1105 pour le tissage.
1480 1270 3016 1373 La séance est ouvert à 9h.
1502 1402 3310 1503 500 personnes environs assistent à la
1282 1516 1703 1623 réunion
1724 1668 3144 1775 Le bureau est ainsi formé :
1704 1804 2202 1907 Président : Jaffeur
1720 1932 2138 2043 Secrétaire : Simon
1694 2150 2098 2245 Assesseurs : Breton
2284 2208 2572 2309 Fauve
1570 2303 3462 2449 Le citoyen Naudan lit le rapport
1238 2474 2150 2577 de la commission.
1566 2610 3464 2731 Ce document fait l'historique de
1250 2734 3556 2869 la grève ; signale les maison des négociants
1240 2876 3348 3003 sur les quelles on ne peut espérer aucun
1248 3010 3564 3153 relèvement de salaire et fait connaître que
1230 3148 3464 3277 la commission se retire en tant que reven¬
1240 3280 3538 3415 dication de salaire. Elle existera cependant
1248 3412 3344 3549 pour demander aux pouvoirs publics la
1228 3556 3084 3689 formation d'un tribunal arbitral.
2020 3690 2384 3816 Serre
1606 3828 3502 3975 Ce citoyen veut que la commission
1248 3956 3460 4111 soumette sa retraite à l'approbation de
1224 4088 3400 4245 l'assemblée, parce qu'elle émanne de
1228 4220 1756 4337 l'assemblée.
1640 4382 3548 4529 Il prie la Commission de continuer
1216 4500 3432 4663 ses travaux et de ne se séparer que
1230 4640 3202 4795 lorsque toutes les maisons de Lyon.
