3888 5184
1320 496 3144 668 auront consenti le tarif de 1885
1922 674 2262 784 Clavel
1626 789 3342 922 Souhaiterait que la Commission
1290 926 3250 1066 continue ses revendications, mais il
1292 1066 3306 1196 constate avec regret, qu'elle ne peut
1266 1204 3174 1337 pas continuer ses travaux parce
1278 1338 3274 1463 qu'il y a des patrons tisseurs qui ne
1282 1469 3030 1596 conprennent pas leurs intérêts.
1598 1609 3282 1728 Il signale un collectivité de ces
1296 1747 3326 1870 patrons qui sont allés, chez les négo¬
1268 1884 3334 1998 ciants, demander un baisse de salaire,
1268 2026 2308 2140 sur les articles unis.
1582 2157 3306 2262 Cette dénonciation soulevée de vives
1250 2293 3330 2400 protestations de la part de l'assemblée
1912 2431 2136 2538 Polo
1604 2572 3212 2669 Approuve la décision de la
1288 2699 3368 2801 Commission de se retirer. Il déclare que
1262 2829 3342 2942 la Corporation des tisseurs ne fait pas
1266 2969 3240 3082 son devoir et signale et l'assemblée,
1278 3103 3362 3212 comme traitres à leurs intérêts, les maîtres
1284 3237 3364 3358 de la maison Bonnet, rue du Griffon ;
1292 3373 3352 3486 Il accuse ses patrons d'être l'auteur
1272 3505 3320 3622 de la ruine de la corporation, car c'est
1278 3641 3332 3756 eux qui ont demandé une réduction de
1304 3775 3270 3898 salaire. Il dégage cependant la
1254 3915 2836 4032 responsabilité de quelques uns.
1942 4047 2338 4156 Rampon
1592 4181 3396 4300 Maître tisseur de la surdite maison
1266 4315 3368 4436 vient défendre M. Bonnet et déclare
1288 4449 3304 4576 qu'on n'a rien à reprocher à ce
1300 4579 1812 4688 négociant.
2000 4713 2144 4816 Polo
