3888 5184
890 418 2842 590 près des 3/4 des ouvrières travaillaient.
1270 570 3490 720 Une autre ouvrière lui répond qu'avant de
882 722 3450 877 faire grève, il fallait d'abord se rendre compte si les
874 866 3310 1018 mères de famille pouvaient donner du pain à
894 1044 1596 1160 leurs enfants.
1254 1160 3482 1295 Le né Bourde dit qu'en effet la situation
894 1308 3378 1448 des ouvrières et ouvriers est précaire, mais que les
902 1452 3438 1596 grévistes pouvaient toucher tous les soirs la somme
878 1607 3402 1739 de 1f50 au siège du syndicat des ouvriers tisseurs
886 1745 3292 1875 et similaires, rue d'Austerlitz 8, et que lui, s'il
868 1898 3466 2030 était gréviste, il préférerait ne manger que des pommes
884 2046 3254 2176 de terre pendant 8 jours, avant de reprendre le
882 2196 3456 2322 travail sans avoir obtenu satisfaction, mais qu'il
864 2348 3398 2471 voyait bien que si les ouvrières de l'usine Gindre
856 2504 3460 2619 ne s'entendait pas mieux, elles n'aboutiront qu'à
856 2651 1736 2769 un échec certain.
1158 2800 3396 2914 Il a ajouté que si les ouvrieres grévistes qui
862 2950 3386 3062 ont repris le travail avaient su toucher 1f50 par
858 3106 3424 3218 jour, elles n'auraient pas travaillé et qu'il fallait
822 3258 3400 3370 les engager à cesser le travail en les informant
880 3404 2726 3516 de l'indemnité qui leur est allouée.
1170 3549 3492 3671 Il invite les grévistes à se réunir aujourd'hui
852 3691 3534 3821 à 2heures de l'après-midi dans le même local, pour
824 3834 3444 3966 se rendre ensuite par groupes de quatre à la porte
876 3982 3464 4118 des usines du tissage mécanique, afin de faire une
876 4134 3276 4264 quête à la sortie des ouvriers, au bénéfice des
864 4290 1296 4402 grévistes.
1440 4434 3390 4582 Le né Beau, dit qu'il se rendra à
868 4612 3496 4744 cette réunion et apportera les adresses des usines du
