3888 5184
1430 342 3462 463 Avec ironie, vient approuver les paroles
1118 477 3386 596 du précédent orateur et pour mieux faire
1130 613 3278 732 ressortir les démarches insencées des maîtres
1118 746 3378 875 de la maison Bonnet, qui ont demandé
1114 886 3354 1015 une réduction de salaire, il cite des prix
1118 1036 3410 1147 d'où il ressort que cette maison paye du
1120 1172 3138 1283 travail à moitié prix de sa valeur.
1856 1314 2172 1417 Badin
1422 1444 3406 1555 Parle des maîtres de la maison Bonnet
1102 1576 3378 1693 et les blame. Il dit que d'autres patrons
1116 1722 3410 1833 ont été entrainés par les maîtres en question
1102 1866 3366 1971 à faire des démarches près des fabricants, ce
1110 2002 3294 2113 qui a nui à l'application du tarif de
1120 2140 3294 2247 1885. Il veut faire deux catégories des
1112 2281 3330 2381 tisseurs : ceux travaillant l'uni et ceux
1098 2407 2326 2519 travaillant le façonné.
1926 2546 2264 2659 Serre
1274 2678 3332 2799 N'approuve pas Badin, il ne veut
1096 2827 3392 2943 pas qu'on fasse la désunion des tisseur
1104 2955 3324 3081 et prie les chambres syndicales de ne pas
1112 3088 3344 3223 faire des catégories d'ouvriers ni de patrons
1256 3228 3314 3363 Il veut cependant que l'assemblée blâme
1106 3358 3472 3511 les 64 maîtres de la maison Bonnet qui ont demandé
1096 3504 2216 3619 une réduction de salaire.
1796 3658 2204 3769 Naudan
1338 3776 3220 3921 Est de l'avis de Badin quand il dit
1096 3923 3220 4062 qu'il faut faire deux catégories de tisseurs
1852 4067 2284 4182 Rampon
1388 4184 3392 4347 Demande qu'on nomme à l'assemblée
1098 4318 3398 4493 les 64 maîtres qui ont demandé la réduction
1088 4460 3394 4633 de salaire. Il veut qu'on les mette à l'index :
1152 4602 2588 4749 "qu'on leur applique la loi du silence".
