3888 5184
2152 541 2492 648 Chanel
1716 675 3464 784 Veut parler mais aux premiers
1498 813 3450 922 mots l'assemblée le hue et l'empêche
1482 949 2052 1054 de rien dire.
2106 1087 2320 1190 Polo
1624 1225 3528 1336 Vient faire une déclaration au nom de
1470 1355 3572 1470 la chambre syndicale ouvrière dans laquelle
1488 1494 3572 1612 il propose de mettre les maîtres de la maison
1472 1634 2324 1744 Bonnet à l'index.
2134 1778 2430 1880 Jaffen
1694 1901 3540 2022 Donne des renseignement sur la loi
1322 2039 3582 2158 de l'arbitrage. Il s'étonne, que d'après les
1308 2184 3572 2293 circulaires ministérielles, M. le Préfet n'ait
1448 2307 3612 2448 pas intervenu pour nommer une Commission
1456 2453 3572 2568 quand il y a eu un commencement de manifes¬
1442 2579 3332 2712 tation, comme il en avait le droit. Il
1450 2721 3500 2837 conseille d'agir près des pouvoirs publics.
1664 2851 3564 2977 Plusieurs orateurs parlent encore sans
1480 2993 3452 3108 apporter aucun éclaircissement au sujet
1700 3121 3612 3258 Sont mis à l'index, les patrons suivants,
1444 3258 3492 3379 pour avoir demande une réducation de
1458 3391 1754 3493 salaire :
1558 3523 3596 3666 Langson, Chorrier, Bachelard, Pillard,
1480 3661 1816 3766 Ardet.
1670 3795 3428 3916 A minuit moins 1/4 la séance est
1466 3933 3040 4048 levée sans accident ni incident.
1978 4201 3134 4318 Lyon, le 23 Mars 1895
1992 4333 3096 4466 Le Commissaire de Police
2268 4557 2908 4676 M. Bella
