3888 5184
218 252 1170 428 du 19 Décembre 1894
424 494 1094 654 Préfecture du Rhône
346 712 1170 870 Commissariat Spécial
254 1054 1202 1224 Mouvement des Tisseurs
346 1338 1114 1498 Tissage mécanique
172 1624 1216 1784 Maison Gindre, rue St Pothin, 29
2050 393 2806 527 Rapport
1642 609 3502 757 Les ouvrières tisseuses de la Maison
1308 759 3510 905 Gindre et Cie, fabricants de soieries, rue Puits¬
1300 900 3430 1047 Gaillot, 2, et dont l'usine est située rue St
1300 1049 3382 1190 Pothin, 29, avaient suspendu le travail ce
1300 1195 3314 1330 matin, mais sans provoquer de désordre.
1606 1339 3514 1462 Elles s'étaient rendues à l'heure ordinaire
1282 1490 3518 1611 à l'usine mais s'étaient refusées à travailler
1298 1631 3474 1751 attendant que la délégation du Syndicat,
1292 1775 3512 1889 dont l'envoi avait été décidé dans la réunion
1290 1921 3502 2035 de la veille, vînt demander l'augmentation
1296 2073 1784 2180 réclamée.
1540 2211 3468 2320 Cette délégation ne s'est pas rendue au
1278 2362 3458 2469 magasin de M. Gindre, en ville, mais à
1264 2504 3472 2613 l'usine où les ouvrières étaient réunies. Le
1274 2641 3302 2737 représentant de M. Gindre a reçu les
1280 2799 3454 2911 délégués et il leur a fait connaître que les
1280 2945 3412 3069 intentions de M. Gindre étaient de ne
1276 3095 2716 3203 traiter qu'avec ses ouvrières.
1524 3233 3362 3357 Alors une centaine d'ouvrières sont
1276 3383 3446 3510 restées à l'atelier et les autres se sont retirées
1272 3531 2064 3633 en se dispersant.
1520 3661 3456 3796 M. Gindre a déclaré à l'inspecteur
1278 3795 3422 3938 Charnay que ses ouvrières gagnaient 3f75
1264 3946 3484 4089 par jour en moyenne, qu'il estimait que
1260 4086 3510 4241 c'était un salaire suffisant et était résolu à
1256 4243 2876 4381 n'accorder aucune augmentation.
1442 4393 3534 4559 L'heure de rentrée à l'usine et 6h du matin.
2048 4573 3298 4707 Lyon, le 19 Décembre 1894
2030 4729 3106 4865 Le Commissaire Spécial
2580 4909 2892 5035 L. Perny
