3888 5184
1894 305 2650 408 Rapport
1330 505 1438 602 du...
1524 977 3462 1082 Aujourd'hui les ouvriers de
1142 1106 3620 1220 l'usine Gindre située rue St Pothin à la
1166 1234 3468 1348 Croix-Rousse, se sont mis en partie
1154 1359 3596 1482 en grève. Deux cents ouvriers tisseurs tant
1168 1479 3488 1600 hommes que femmes, après être rentrés à
1144 1610 3448 1724 l'usine ce matin, ont cessé le travail en
1106 1732 3572 1846 demandant une augmentation de 10 à 15
1138 1858 3516 1984 % sur les salaires. M. Gindre qui avait
1116 1968 3632 2144 déjà accordé il y a 15 jours une augmentation
1136 2107 3540 2243 moyenne, de 30%, s'est refusé à accorder la
1120 2227 3600 2379 nouvelle augmentation demandée et les ouvriers
1114 2361 1994 2459 se sont retirés.
1532 2477 3530 2640 A deux heures du soir heure de la rentrée
1114 2599 3584 2764 90 ouvriers ou ouvrières seuls ont repris le travail
1124 2725 3636 2926 sur deux cents compris dans cette usine dans cette partie
1088 2855 3472 3016 du tissage. Prevenu à temps, j'ai assisté à la
1072 2986 3520 3136 rentrée qui a eu lieu sans incidents. Le
1072 3108 3636 3290 service d'ordre est assuré, pour que ceux qui sont
1086 3243 3616 3416 en grève ne puissent pas entraver la liberté du
1056 3369 1508 3480 travail.
1568 3495 3648 3700 On ne peut pas encore prévoir les proportions
1068 3649 3584 3810 que peut prendre cette grève, car M. Gindre nous
1036 3779 3596 3938 a déclaré qu'il préfererait fermer son usine que
1048 3932 2736 4031 d'accorder l'augmentation réclamée.
2076 4046 3552 4134 Lyon le 19 Décembre 1894
2290 4148 3644 4240 Le commissaire de police
2404 4257 2982 4460 Wuvy
