3888 5184
1503 157 3420 645 Cette grève intéresse également
1210 465 3352 766 dit le rapport les ouvriers et ouvrières
1219 610 3462 846 des autres corporations ; car si nous
1219 740 3438 991 sommes victorieux à l'usine Gindre
1219 882 3509 1151 les patrons rapaces des autres corporations
1219 1018 3474 1275 se tiendront sur leur garde, et accorderont
1219 1169 3456 1447 peut être une augmentation aux tra¬
1228 1355 1746 1592 vailleurs.
1760 1367 3438 1657 Elle interesse également les
1195 1568 3373 1846 commercants, car si le tavail cesse
1210 1725 2462 1988 les affaires chôment.
1698 1870 3462 2077 Le rapport termine en disant
1198 2024 3462 2246 que les ouvriers du tissage mécanique
1210 2148 3438 2361 n'out aucune haine envers ceux qui
1201 2293 3471 2512 travaillent à l'usine Gindre ; mais
1207 2435 3468 2642 ils espèrent qu'apres les explications
1198 2595 3305 2761 qui vont être données dans cette
1195 2731 3394 2935 réunion, aucun ouvrier ou ouvrière
1213 2864 3536 3074 ne se présentera à l'atelier, soit lundi
1192 3015 3536 3266 s'il est ouvert, soit mercredi. Il engage
1204 3166 3346 3367 ceux qui seraient tentés d'y aller à
1189 3305 3548 3503 attendre que satisfaction soit accordée
1802 3447 3553 3657 Le né Beau prend ensuite
1154 3503 3548 3802 la parole et fait remarquer que ce rapport
1169 3725 3565 3953 enumère parfaitement les revendications
1186 3867 3553 4071 des ouvriers et ouvrières de la corporation
1184 3997 3411 4198 c'est à dire le relèvement des salaires.
1234 4139 3364 4379 Il explique ensuite en quelques mots
1243 4302 3500 4536 qu'elles ont éte les démarches faites
1231 4444 3411 4681 par la corporation auprès de M.
