3888 5184
1195 161 3173 493 Gindre , deux délégations s'y
1144 361 3313 602 sont présentées sans résultat ; M
1126 516 3365 785 Gindre a déclaré formellement ne
1115 659 3397 897 rien vouloir accorder. Par consequent
1092 825 3333 1078 dit Beau, notre règle de conduite est
1144 969 3308 1155 toute tracée: nous solidariser, pour
1095 1118 3417 1353 que la grève aboutisse, au cas contraire
1083 1261 3333 1456 ce serait la mort de la corporation.
1585 1404 3242 1617 Le né Gervas, fait ressortir
1081 1554 3222 1794 que M. Gindre flait du socialisme
1092 1700 3299 1883 chrétien à sa façon en refusant caté¬
1095 1857 3308 2064 goriquement toute augmentation,
1092 1983 3259 2178 tandis que ses collèges accordent
1101 2135 3222 2347 une élévation sur tous les prix de
1086 2284 1427 2479 façon.
1479 2370 3322 2660 Il faut donc, dit-il, venir en
1066 2603 3319 2795 aide aux ouvriers et ouvrières de cette
1055 2734 3339 2952 usine pour qu'ils triomphent, malgré
1040 2872 3279 3127 l 'acharnement que met M Gindre
1038 3021 2307 3236 à les faire echouer.
1531 3153 3399 3371 Le né Serre, délegué des tisseurs
1075 3259 3156 3531 à bras et de la conmission executive
1061 3462 3313 3666 pour le relèvement des salaires, vient
1066 3600 3250 3835 déclarer en son nom personnel que
1078 3749 3216 3967 si la rentrée ne s'effectue pas lundi
1075 3938 3182 4185 ou mercredi, les prix serait aug¬
1049 4044 3199 4308 mentés ; il le tient de bonne source.
1576 4190 3411 4446 Le né Bourde fait l'historique
1052 4294 3296 4600 de la grève et déclare que les ouvriers
1055 4463 3150 4767 et ouvrières de l'usine Gindre sont
