3888 5184
1219 281 3357 562 encore plus malheureux que tous les
1240 461 3137 672 autres ouvriers de la corporation.
1700 550 3455 831 Il fait ressortir que M. Gindre
1222 744 3420 938 a construit son usine à la Croix Rousse
1222 866 3345 1106 parce qu'il savait que là, il y avait
1248 988 3122 1263 une quantité de gens à exploiter
1773 1164 3403 1347 Le né Valaret fait connaître
1219 1300 3357 1532 que le syndicat ouvrier des tisseurs
1231 1437 3449 1668 de la Croix- Rousse, dont il fait partie
1205 1599 3444 1793 vient en aide aux grévistes par tous
1196 1709 2462 1961 les moyens possibles.
1746 1854 3389 2082 Il demande que les ouvriers
1199 2042 3360 2256 des autres maisons, essayent aussi
1214 2135 3400 2366 de faire embaucher dans leur atelier.
1202 2323 3360 2479 leurs camarades qui continuent à
1187 2444 3383 2644 travailler à la maison Gindre, et
1193 2598 3394 2806 termine en disant que ce n'est que
1196 2720 3420 2969 par la solidarité qu'on peut arriver
1211 2888 2375 3058 à un bon résultat.
1657 2995 3255 3273 Le né Beau engage les
1179 3096 3476 3397 grévistes à ne point se laisser inti¬
1173 3322 3519 3522 mider par les menaces que pourrait
1193 3449 3467 3675 poaire M. Gindre, et se mefier surtout
1202 3600 3476 3797 de ses agissements. Il fait un appel
1219 3748 3458 3942 à toute la corporation pour venir en
1211 3904 2279 4130 aide aux grévistes.
1851 3930 3467 4205 Le Président donne ensuite
1193 4087 3435 4394 lecture de l'ordre du jour suivant qui
1193 4327 2873 4518 est adopté à l'unanimité :
