3888 5184
1555 323 3208 665 Les citoyennes et citoyens
1176 544 3365 738 reunis à la Bourse du Travail
1159 696 3199 890 le samedi 22 Décembre 1894
1167 842 3376 1061 après avoir entendu les explications
1156 988 3185 1209 nettes et franches des citoyens
1165 1072 3435 1358 qui se sont fait entendre s'engagent
1153 1271 3393 1496 de faire tous leurs efforts pour faire
1170 1414 3398 1639 aboutir les revendications des ouvrières
1142 1574 2573 1765 de l'usine Gindre.
1572 1692 3387 1911 La séance est ensuite levée sans
1151 1858 1799 2026 incident.
1757 1945 3292 2192 Lyon le 23 Décembre 1894
1931 2144 3289 2338 Le Commisaire spécial
2180 2293 2857 2621 L. Perny
