3888 5184
234 212 1106 496 1. 2f décemlres894
307 516 984 662 Préfecture du Rhône
217 735 1088 897 Commissariat Spécial
590 889 670 1024 Ls
185 985 1136 1231 Mouvement des tiseurs
252 1238 1076 1502 Bunmon Gullique
170 1412 1128 1615 à la Bressene Praucauue
1941 308 2701 540 Rapport
1477 644 3484 891 Une reunion publique organiséé
1204 775 3389 1044 par les tisseurs, à eu lieu hier soir à
1216 902 3493 1158 la Brasserie Francaise rue des Ecoles, 8.
1613 1042 3484 1308 La séance a été ouverte à 8h45 et
1201 1187 1549 1465 levée à 11h10.
1622 1355 3426 1578 2300 personnes environ dans 500
1224 1477 3423 1718 hommes assistaient à cette reunion dont
1201 1668 2579 1900 l'ordre du jour portait :
1572 1784 2852 1999 Relevement des salaires
1631 1941 3354 2159 Le bureau d'ordre a été ainsi
1192 2138 1793 2286 constitue :
2208 2135 2727 2414 Président : Labrosse
1514 2385 2823 2565 Secrétaire : Bardin
2251 2501 3545 2727 Assesseurs : Villa, Borias, Carrel
1262 2681 2045 2922 Roquefort.
1889 2750 3545 3055 Le Président fait l'appel des
1239 2965 3508 3215 conseillers prud'hommes et constate la
1236 3116 3186 3374 présence de 2 seulement sur 10
1941 3252 3441 3455 Le né Polo vient parler
1239 3394 3392 3635 du manifeste que le syndicat ouvrier
1253 3545 3603 3737 des tisseurs et similaires et la Commission
1271 3687 3580 3896 exécuté pour le relèvement des salaires,
1250 3841 2924 4021 ont adressé à la corporation.
1970 3981 3592 4195 Il se plaint du manque
1242 4120 3444 4337 d'energie de certains chefs d'atelier et
1236 4285 3566 4503 dit que les réponses des maisons mises
1262 4427 3592 4662 à l'index, ne sont pas affirmatives, et
