3888 5184
926 374 3346 527 tissage mécanique, il ajoute que les grévistes
918 510 3554 675 devront faire des quêtes dans les autres corporations
906 699 2394 822 ainsi que dans les magasins.
1426 803 3506 960 Une commission composée de 20 grévistes
912 958 3186 1103 est ensuite nommée pour faire le service de
900 1094 3504 1249 surveillance à la rentrée et sortie des ouvrières de
904 1251 3546 1393 l'usine Gindre, à l'effet de s'assurer du nombre qui
930 1429 1346 1535 travaille.
1476 1546 3526 1668 Le né Beau engage les assistants à
924 1686 3542 1818 se rendre en foule à la réunion publique organisée
918 1836 3542 1973 par la corporation du tissage mécanique qui aura
904 1990 3414 2115 lieu ce soir à 8heures à la Bourse du Travail,
910 2130 3078 2265 puis la séance est levée sans incident.
1854 2280 3480 2393 Lyon le 22 Décembre 1894
2104 2432 3420 2549 Le commissaire spécial,
2388 2698 3072 2841 L. Perny
