3888 5184
950 80 3441 679 il faut prendre des résolutions dès ce soir
1421 570 3419 793 Il donne ensuite lecture des réponses
953 656 2578 985 faites par différentes maisons.
1418 797 3486 1061 La mon Chavrot, accepte le tarif de 1885.
1431 991 3438 1224 La mon Rebroulet et Perraud, accepte
937 1093 3326 1399 le tarif de 1885, meme sur les pièces en cours
1421 1284 3381 1558 La mon Stéphane Guijot accepté ce
943 1392 1236 1673 tarif.
1421 1494 3473 1819 La mon  Roux accepte le tarif de 1885
978 1743 2179 1972 avec quelques réserves.
1443 1810 3463 2087 La mon Gustelle, accepte le tarif de 1885.
1456 2017 3467 2205 La mon Ritton. Bardon, accepte
956 2087 3374 2374 le tarif fe 1885 avec réserves sur les beugalines
950 2300 3365 2555 et petits taffetas, articles qu'elle s'engage à
946 2453 3470 2708 payer 0f05 de plus que toutes ses concurentes
1437 2594 3323 2804 La mon Schultz, accepte le tarif
937 2747 3043 2922 de 1885, même sur les pièces en cours.
1498 2887 3467 3103 La Mon Gali-Melon, accepte le tarif
943 2963 3492 3244 de 1885, aussi que M. M. Poncet et fils, Chatelin
927 3177 3508 3374 et Clayette Bèraud Laroche ; ce dernier
969 3304 3240 3549 accepte le tarif pour les pièces à venir
950 3470 3479 3683 seulement, enfin la mon   Bejui accepte
1141 3623 3492 3814 la moité du tarif de 1885, à partir du
953 3766 1969 3951 26 Decembre 1894.
1447 3906 3317 4120 Les concessions accordées par cette
940 4050 3409 4266 dernière maison, sont trouvées insuffisantes
943 4199 2453 4413 par la Commission exécutive.
1593 4324 3272 4607 Le né Paillerme délégué de la
1367 4540 3260 4757 mon Giraud vient dire que celle-ci
