3888 5184
1129 226 3037 509 accepte le tarif dans les mêmes.
1121 408 3268 639 conditions que la mon Bonnet.
1502 552 3339 797 Les maitres délégues des maisons
1121 688 3255 958 Breston, Giraud et Vernay, dont
1129 838 3287 1121 viennent annoncer l'acceptation par
1127 1004 2607 1197 ces maisons du tarif 1885.
1521 1091 3195 1385 Le né Jacquin, déclare qu'on
1108 1293 3293 1521 Le trouve chez les patrons, en présence
1116 1434 3320 1668 de deux tarifs de 1885, l'un de Juillet
1072 1581 2035 1769 l'autre d'octobre.
1535 1720 3105 1905 Les patrons acceptent celui
1091 1834 3135 2117 d'octobre, et jamais celui de juillet,
1078 2006 3151 2201 qu'ils déclarent ne pas connaître.
1075 2161 3246 2370 Il faudrait dit-il, ne pas cependant
1061 2297 3203 2512 se laisser berner par ces messieurs
1045 2433 3110 2680 les négociants. Je demande qu'on
1069 2574 3208 2852 mette à l'index, la mon Gustelle
1069 2751 3257 2982 à qui j'ai remis un travail qu'elle
1069 2887 3230 3135 voulait payer au tarif d'octobre 1885
1072 3037 3178 3255 soit 1f70, alors que d'apres celui de
1053 3184 3146 3437 Juillet 1885,il me revenait 2f10
1459 3323 3233 3554 Le né Polo explique qu'il n'y a
1061 3467 3129 3660 qu'un seul tarif de 1885, c'est celui
1059 3608 3162 3845 de juillet, qui a été élaboré par une
1050 3739 3252 3959 commission mixte de fabricants et chefs
1067 3891 3157 4106 d'atelier, celui d'octobre, élaboré par
1072 4030 2833 4248 quelques fabricants, est à rejeter
1513 4172 3331 4441 Le né Petit délegue des maîtres
1576 4321 3146 4558 de la mon Cotte et Ducoté, dit que
2063 4501 3208 4713 cette maison est des plus récalcitrantes
