<?xml version="1.0" encoding="utf-8"?>
<PcGts xmlns="http://schema.primaresearch.org/PAGE/gts/pagecontent/2013-07-15" xmlns:tu="timeUs" xmlns:xsi="http://www.w3.org/2001/XMLSchema-instance" xsi:schemaLocation="http://schema.primaresearch.org/PAGE/gts/pagecontent/2013-07-15 http://schema.primaresearch.org/PAGE/gts/pagecontent/2013-07-15/pagecontent.xsd">
<Metadata>
<Creator>prov=University of Rostock/Institute of Mathematics/CITlab/Gundram Leifert/gundram.leifert@uni-rostock.de:name=Rhone_XIX_M1(htr_id=2456)::chars.txt::v=?1.0.2
prov=University of Rostock/Institute of Mathematics/CITlab/Tobias Gruening/tobias.gruening@uni-rostock.de:name=de.uro.citlab.module.baseline2polygon.B2PSeamMultiOriented:v=?1.0.1
prov=University of Rostock/Institute of Mathematics/CITlab/Tobias Gruening/tobias.gruening@uni-rostock.de:name=/net_tf/LA73_249_0mod360.pb:de.uro.citlab.module.la.core.CITlab_LA_ML:v=?0.1
TRP</Creator>
<Created>2018-03-15T17:44:55.561+01:00</Created>
<LastChange>2018-03-26T18:51:08.271+02:00</LastChange>
<tu:title>AD69 9M5</tu:title><tu:desc>No description.</tu:desc><tu:pagenumber>52</tu:pagenumber></Metadata>
<Page imageFilename="IMG_0170.JPG" imageHeight="5184" imageWidth="3888" tu:id="52" tu:url="https://dbis-thure.uibk.ac.at/f/Get?id=GYZWSTVSQYBPKXMXNKORZJHN&amp;fileType=view">
<ReadingOrder>
<OrderedGroup caption="Regions reading order" id="ro_1522083068315">
<RegionRefIndexed index="0" regionRef="r1"/>
</OrderedGroup>
</ReadingOrder>
<TextRegion custom="readingOrder {index:0;}" id="r1" orientation="0.0">
<Coords points="1168,465 1168,4823 3604,4823 3604,465"/>
<TextLine custom="readingOrder {index:0;}" id="r1l1">
<Coords points="1160,645 1175,645 1184,654 1190,654 1193,657 1199,657 1202,654 1212,654 1218,660 1221,657 1224,657 1227,660 1233,660 1245,672 1263,672 1272,681 1275,681 1281,687 1290,687 1293,690 1296,690 1299,693 1308,693 1377,624 1380,624 1383,621 1389,621 1395,627 1398,627 1404,633 1413,633 1416,630 1419,630 1422,627 1435,627 1438,624 1480,624 1483,621 1492,621 1495,618 1498,621 1513,621 1519,615 1522,615 1525,612 1537,612 1546,621 1570,621 1573,624 1576,624 1579,627 1597,627 1606,618 1615,618 1624,627 1627,624 1630,624 1639,615 1646,615 1649,612 1652,612 1655,609 1664,609 1667,606 1685,606 1691,600 1697,600 1700,603 1703,603 1715,615 1730,615 1733,612 1739,612 1751,624 1757,624 1763,618 1766,618 1775,609 1781,615 1787,615 1790,612 1802,612 1820,594 1823,597 1826,594 1829,594 1838,603 1841,603 1850,612 1853,612 1856,609 1866,609 1869,606 1881,606 1887,600 1893,600 1896,597 1920,597 1923,600 1935,600 1938,597 1959,597 1962,600 1965,600 1968,603 1977,603 1983,597 1995,597 2001,591 2007,591 2010,594 2016,594 2025,603 2034,603 2037,600 2040,603 2046,603 2055,594 2079,594 2083,597 2101,597 2119,579 2128,579 2131,576 2134,576 2137,573 2146,573 2155,582 2161,582 2164,579 2167,579 2170,576 2188,576 2191,573 2194,576 2197,573 2215,573 2218,576 2245,576 2248,579 2251,579 2254,576 2260,576 2266,582 2281,582 2284,579 2287,579 2290,576 2299,576 2303,579 2306,579 2309,582 2312,582 2318,576 2327,576 2330,579 2390,579 2393,582 2399,582 2414,567 2423,567 2429,561 2435,561 2438,564 2447,564 2456,573 2465,573 2471,567 2477,567 2486,576 2492,576 2498,570 2507,570 2510,573 2513,570 2516,570 2519,573 2523,573 2526,576 2529,576 2532,579 2544,579 2550,585 2553,582 2556,582 2559,579 2571,579 2574,576 2577,576 2586,567 2604,567 2607,570 2613,570 2616,573 2619,573 2628,564 2640,564 2658,582 2661,582 2676,597 2679,597 2694,612 2721,612 2724,615 2727,612 2730,612 2739,621 2743,621 2746,618 2761,618 2764,615 2773,615 2788,600 2821,600 2827,594 2836,594 2839,591 2842,591 2851,582 2857,582 2860,579 2863,582 2872,582 2875,579 2896,579 2905,588 2929,588 2956,615 2966,615 2984,633 2987,633 2999,621 3005,621 3014,630 3023,630 3026,627 3032,627 3050,645 3056,639 3065,639 3128,576 3149,576 3158,585 3164,585 3176,573 3180,570 3186,564 3189,564 3192,567 3201,567 3213,555 3222,555 3228,561 3231,561 3234,564 3246,564 3252,570 3264,570 3267,573 3297,573 3306,582 3327,582 3330,585 3339,576 3345,576 3351,570 3357,570 3366,579 3384,579 3390,585 3412,585 3412,368 3396,368 3393,371 3387,371 3375,383 3366,383 3354,371 3321,371 3315,365 3306,374 3291,374 3282,365 3255,365 3243,353 3222,353 3219,350 3216,350 3201,365 3189,365 3183,371 3180,371 3176,374 3167,383 3155,383 3143,395 3134,395 3131,392 3122,392 3119,395 3116,395 3113,392 3110,392 3107,395 3104,395 3089,410 3074,410 3062,422 3053,422 3038,437 3014,437 2996,455 2990,455 2987,452 2978,452 2972,446 2969,446 2960,437 2956,434 2953,434 2950,437 2947,437 2926,458 2923,458 2920,461 2917,461 2914,464 2911,464 2905,470 2902,470 2890,458 2854,458 2851,461 2848,461 2842,455 2830,455 2818,443 2815,443 2812,440 2809,440 2794,425 2791,425 2788,422 2782,422 2743,461 2739,461 2727,473 2724,470 2721,473 2718,473 2715,470 2712,470 2709,467 2700,467 2688,479 2682,473 2679,473 2673,479 2670,476 2667,476 2646,497 2634,497 2622,485 2619,488 2616,485 2583,485 2568,470 2562,470 2550,458 2538,458 2532,452 2513,452 2510,455 2492,455 2483,446 2480,446 2474,440 2459,440 2447,452 2438,452 2432,458 2414,458 2408,464 2390,464 2375,449 2372,449 2369,446 2348,446 2345,449 2321,449 2315,443 2312,443 2303,452 2299,455 2284,455 2281,452 2266,452 2263,455 2248,455 2242,449 2239,452 2236,452 2230,458 2227,458 2224,461 2221,461 2215,455 2209,455 2182,428 2176,428 2158,446 2152,446 2149,443 2140,443 2113,470 2089,470 2083,476 2076,476 2058,494 2037,494 2028,485 2016,485 2010,479 2007,479 2004,476 1995,476 1992,473 1959,473 1950,482 1947,482 1941,476 1938,479 1935,479 1926,470 1911,470 1905,476 1893,476 1875,494 1862,494 1856,500 1832,500 1829,503 1817,503 1808,494 1805,494 1799,488 1790,488 1784,494 1730,494 1727,497 1724,497 1712,509 1706,509 1691,494 1685,494 1679,488 1676,488 1673,485 1664,485 1658,479 1655,482 1639,482 1627,470 1624,470 1618,464 1609,464 1606,467 1603,467 1600,470 1594,470 1591,467 1585,467 1582,470 1570,470 1561,479 1552,479 1534,497 1531,497 1513,515 1492,515 1489,518 1483,518 1471,506 1462,506 1447,521 1444,521 1441,524 1426,524 1422,521 1419,518 1416,518 1413,515 1404,515 1401,512 1395,512 1386,521 1383,518 1365,536 1359,536 1356,539 1347,539 1344,542 1335,533 1329,533 1326,530 1320,530 1317,533 1293,533 1290,536 1284,536 1278,542 1260,542 1254,536 1251,539 1248,539 1245,542 1236,542 1230,536 1227,539 1224,539 1218,545 1212,545 1209,549 1206,552 1202,555 1178,579 1160,579"/>
<Baseline points="1174,626 1285,618 1396,609 1507,601 1618,594 1730,586 1841,577 1952,571 2063,564 2174,558 2286,553 2397,548 2508,544 2619,540 2730,538 2842,536 2953,534 3064,534 3175,536 3286,536 3398,540"/>
<TextEquiv>
<Unicode>qu'elle n'accorde rien, et qu'il faut </Unicode>
</TextEquiv>
</TextLine>
<TextLine custom="readingOrder {index:1;}" id="r1l2">
<Coords points="1163,778 1193,778 1196,781 1199,781 1202,778 1206,781 1212,775 1218,775 1221,778 1239,778 1242,781 1257,781 1260,778 1269,787 1272,787 1275,784 1290,799 1293,799 1296,802 1299,802 1302,805 1311,805 1314,802 1326,802 1329,799 1332,802 1344,802 1347,799 1350,799 1353,802 1356,802 1359,805 1362,805 1365,802 1368,802 1374,796 1383,796 1386,799 1392,799 1395,802 1398,802 1401,799 1410,799 1422,811 1432,811 1447,796 1453,802 1456,802 1459,805 1462,805 1474,793 1480,793 1483,796 1501,796 1507,790 1531,790 1534,793 1555,793 1558,790 1570,790 1576,784 1582,790 1588,790 1594,784 1600,784 1609,793 1618,793 1621,790 1624,793 1630,793 1636,787 1642,793 1646,796 1658,808 1664,808 1667,805 1682,805 1682,624 1664,624 1652,636 1642,636 1639,639 1633,639 1612,618 1606,618 1597,627 1579,627 1576,624 1573,624 1570,621 1552,621 1513,660 1489,660 1468,639 1453,639 1444,630 1441,630 1438,627 1432,627 1429,630 1426,630 1422,633 1404,633 1398,627 1395,627 1389,621 1383,621 1380,624 1377,624 1308,693 1299,693 1296,690 1293,690 1290,687 1281,687 1275,681 1266,681 1248,699 1242,699 1239,702 1236,702 1230,696 1224,696 1212,708 1190,708 1187,711 1181,705 1178,708 1163,708"/>
<Baseline points="1178,770 1203,766 1229,764 1255,759 1280,756 1306,754 1332,752 1357,749 1383,748 1409,747 1434,745 1460,742 1486,742 1511,741 1537,740 1563,739 1588,737 1614,736 1640,735 1666,734"/>
<TextEquiv>
<Unicode>l'activer.</Unicode>
</TextEquiv>
</TextLine>
<TextLine custom="readingOrder {index:2;} textStyle {offset:4; length:1;fontSize:0.0; kerning:0; superscript:true;} person {offset:6; length:6;}" id="r1l3">
<Coords points="1724,922 1739,922 1742,925 1745,925 1748,922 1751,922 1757,916 1760,916 1763,919 1772,919 1781,910 1796,910 1811,895 1817,895 1823,889 1826,889 1829,892 1835,892 1841,886 1847,886 1850,889 1853,886 1862,886 1866,883 1869,886 1881,886 1884,883 1887,883 1902,898 1920,898 1926,904 1938,892 1941,892 1947,886 1956,886 1959,883 1974,883 1977,886 1986,886 1989,889 1995,889 2001,883 2004,883 2007,886 2019,886 2025,880 2055,880 2067,892 2070,892 2073,889 2076,889 2079,886 2083,886 2092,877 2107,877 2113,883 2119,883 2122,880 2146,880 2149,883 2158,883 2164,889 2167,889 2182,904 2188,904 2191,901 2194,904 2212,904 2218,898 2239,898 2248,889 2254,889 2266,877 2269,877 2272,874 2281,874 2287,868 2299,868 2303,865 2309,865 2312,862 2318,862 2327,871 2333,871 2336,874 2339,871 2342,871 2360,889 2366,883 2369,883 2375,877 2384,877 2393,886 2414,886 2423,877 2441,877 2444,874 2450,874 2468,892 2477,892 2492,877 2507,877 2519,889 2523,889 2529,895 2535,895 2538,898 2541,898 2547,892 2565,892 2568,895 2574,895 2577,898 2580,895 2589,895 2595,901 2598,901 2604,895 2610,895 2616,889 2634,889 2637,886 2640,886 2649,877 2673,877 2691,859 2700,859 2739,898 2743,901 2779,937 2782,937 2794,949 2797,949 2866,880 2875,880 2890,865 2896,865 2902,859 2911,859 2920,850 2935,850 2941,844 2950,844 2956,850 2960,847 2972,835 2975,835 2978,832 2981,832 2984,829 2996,829 3011,844 3035,844 3038,847 3047,847 3071,871 3080,862 3083,862 3095,850 3098,853 3101,853 3104,850 3152,850 3155,853 3167,853 3173,847 3176,847 3180,850 3186,850 3195,859 3198,859 3204,865 3210,865 3228,883 3234,883 3237,880 3246,880 3270,856 3273,859 3276,859 3282,853 3312,853 3321,862 3327,862 3330,859 3375,859 3381,853 3384,853 3393,844 3396,844 3400,841 3409,832 3412,835 3418,829 3421,832 3436,832 3439,835 3442,835 3445,832 3460,832 3460,735 3445,735 3433,747 3430,747 3421,756 3396,756 3390,762 3384,762 3378,756 3372,756 3345,729 3339,729 3336,726 3318,726 3315,723 3300,723 3294,717 3291,717 3285,723 3279,723 3267,711 3252,711 3246,705 3243,705 3240,708 3237,708 3231,714 3225,714 3222,717 3180,675 3176,672 3170,666 3161,666 3152,657 3149,657 3146,654 3128,654 3116,642 3104,642 3098,648 3080,648 3077,645 3068,645 3062,651 3038,651 3035,648 3014,648 2972,690 2969,690 2966,693 2963,693 2960,696 2953,696 2947,702 2920,702 2917,705 2908,696 2896,696 2893,693 2890,693 2887,696 2881,696 2878,693 2866,705 2851,690 2839,690 2836,693 2830,693 2821,702 2812,702 2800,714 2782,714 2779,717 2743,717 2739,714 2736,711 2715,711 2703,699 2685,699 2682,702 2676,702 2673,699 2664,699 2658,705 2655,705 2652,708 2649,708 2646,705 2640,711 2607,711 2604,714 2595,714 2592,711 2589,711 2550,672 2532,672 2529,675 2523,675 2519,672 2513,666 2480,666 2447,633 2438,633 2435,630 2432,630 2420,618 2414,618 2411,615 2402,615 2372,645 2351,645 2348,648 2345,648 2339,642 2318,663 2315,663 2306,672 2299,672 2293,666 2248,666 2245,663 2242,663 2239,660 2224,660 2221,663 2218,663 2188,693 2182,693 2179,696 2164,696 2158,690 2152,690 2146,696 2137,696 2125,708 2116,708 2092,732 2083,732 2079,729 2067,741 2058,741 2052,747 2013,747 2004,756 1998,756 1980,738 1932,738 1914,720 1902,720 1875,693 1872,693 1866,687 1862,684 1856,678 1853,678 1844,669 1835,669 1832,672 1829,672 1814,687 1811,687 1793,705 1781,705 1778,708 1775,708 1772,711 1769,711 1760,702 1724,702"/>
<Baseline points="1738,862 1823,862 1908,860 1993,859 2079,857 2164,854 2249,852 2335,848 2420,845 2505,842 2591,840 2676,836 2761,834 2846,832 2932,832 3017,832 3102,832 3188,833 3273,836 3358,838 3444,844"/>
<TextEquiv>
<Unicode>Le né Thomas se plaint des </Unicode>
</TextEquiv>
</TextLine>
<TextLine custom="readingOrder {index:3;} person {offset:8; length:17;} person {offset:26; length:13;}" id="r1l4">
<Coords points="1190,1085 1206,1085 1212,1091 1227,1091 1230,1088 1245,1088 1251,1082 1269,1082 1272,1079 1287,1079 1290,1082 1296,1082 1299,1079 1311,1079 1314,1076 1317,1076 1323,1070 1335,1070 1350,1085 1353,1085 1359,1079 1362,1079 1368,1085 1383,1085 1386,1082 1389,1082 1392,1085 1395,1085 1401,1079 1416,1079 1422,1073 1426,1073 1429,1070 1438,1070 1444,1064 1450,1064 1453,1067 1459,1061 1462,1064 1471,1064 1480,1055 1483,1055 1486,1052 1489,1052 1498,1061 1510,1061 1513,1064 1522,1064 1528,1070 1531,1067 1534,1067 1543,1076 1546,1076 1549,1073 1552,1076 1558,1076 1561,1079 1564,1079 1567,1082 1570,1082 1576,1076 1579,1076 1597,1058 1612,1058 1618,1052 1624,1058 1633,1058 1642,1067 1646,1070 1649,1070 1652,1067 1664,1067 1676,1055 1679,1055 1691,1043 1721,1043 1733,1055 1745,1055 1748,1058 1757,1049 1760,1049 1763,1052 1778,1052 1784,1046 1787,1046 1790,1043 1793,1043 1796,1040 1802,1040 1805,1037 1811,1037 1814,1040 1823,1040 1832,1049 1835,1049 1844,1040 1850,1040 1853,1043 1856,1043 1862,1049 1869,1049 1875,1043 1881,1043 1884,1040 1902,1040 1911,1031 1923,1031 1926,1034 1929,1034 1935,1040 1944,1040 1947,1037 1953,1043 1956,1043 1965,1052 1977,1040 1980,1040 1986,1034 1992,1034 1995,1031 2001,1031 2004,1034 2013,1034 2016,1031 2022,1031 2025,1034 2034,1034 2040,1028 2043,1028 2046,1025 2055,1025 2058,1028 2061,1028 2064,1031 2073,1031 2079,1037 2083,1037 2092,1046 2095,1046 2098,1043 2110,1043 2122,1031 2125,1031 2134,1040 2140,1034 2158,1034 2170,1022 2173,1022 2182,1031 2200,1031 2203,1034 2206,1031 2209,1031 2212,1034 2218,1034 2221,1037 2224,1037 2227,1034 2230,1034 2233,1031 2236,1031 2248,1019 2251,1022 2254,1022 2257,1025 2263,1025 2266,1028 2284,1028 2287,1025 2290,1025 2293,1022 2296,1022 2299,1019 2303,1016 2306,1016 2312,1022 2327,1022 2342,1037 2354,1037 2363,1028 2372,1028 2375,1031 2381,1031 2384,1028 2387,1028 2393,1022 2399,1022 2402,1025 2405,1025 2411,1031 2414,1031 2438,1007 2468,1007 2483,1022 2489,1022 2504,1037 2519,1037 2523,1034 2541,1016 2562,1016 2568,1022 2574,1022 2580,1028 2583,1028 2586,1031 2592,1031 2607,1016 2625,1016 2655,1046 2661,1046 2664,1043 2670,1043 2685,1028 2688,1031 2691,1031 2694,1034 2700,1034 2703,1037 2706,1037 2730,1013 2733,1013 2736,1010 2746,1010 2755,1001 2758,1001 2764,995 2776,995 2785,1004 2791,1004 2794,1001 2800,1001 2812,1013 2815,1013 2827,1025 2842,1025 2857,1010 2863,1010 2872,1001 2875,1004 2878,1004 2881,1007 2884,1007 2887,1004 2899,1004 2905,1010 2911,1010 2914,1007 2935,1007 2938,1004 2947,1004 2953,1010 2960,1010 2963,1007 3005,1007 3011,1013 3017,1013 3026,1004 3032,1004 3035,1001 3038,1001 3047,1010 3056,1010 3059,1007 3062,1010 3071,1010 3074,1007 3092,1007 3098,1013 3101,1013 3104,1016 3113,1016 3116,1013 3119,1016 3137,1016 3146,1025 3152,1025 3158,1031 3167,1031 3170,1028 3180,1028 3183,1031 3207,1031 3210,1034 3216,1034 3219,1037 3240,1037 3243,1034 3246,1034 3255,1025 3267,1037 3276,1037 3300,1013 3333,1013 3339,1007 3348,1016 3351,1016 3360,1025 3366,1025 3369,1022 3384,1022 3387,1019 3396,1028 3400,1031 3406,1037 3418,1037 3424,1031 3427,1031 3430,1034 3433,1034 3436,1037 3439,1037 3442,1034 3448,1034 3466,1052 3478,1052 3484,1046 3517,1046 3517,814 3502,814 3499,811 3493,811 3490,814 3487,814 3478,823 3463,823 3454,832 3445,832 3442,835 3439,835 3436,832 3421,832 3418,829 3412,835 3409,832 3400,841 3396,844 3393,844 3378,859 3339,859 3306,892 3303,892 3297,898 3291,898 3279,910 3261,910 3258,907 3255,907 3246,916 3222,916 3216,910 3210,910 3201,901 3192,901 3186,895 3170,895 3161,886 3158,886 3155,889 3149,889 3146,886 3140,886 3125,901 3110,901 3086,877 3083,877 3080,874 3074,874 3047,847 3038,847 3035,844 3011,844 2996,829 2984,829 2981,832 2978,832 2975,835 2972,835 2960,847 2956,850 2950,844 2941,844 2935,850 2920,850 2911,859 2902,859 2863,898 2860,895 2857,895 2851,901 2848,901 2845,904 2842,904 2812,934 2806,934 2803,931 2800,934 2794,928 2791,928 2779,916 2776,916 2773,919 2770,919 2764,913 2761,916 2758,913 2755,913 2743,901 2739,898 2700,859 2691,859 2673,877 2670,877 2646,901 2643,901 2640,904 2637,904 2622,919 2601,919 2595,925 2589,925 2580,934 2574,934 2568,928 2562,928 2559,931 2556,931 2541,916 2538,919 2513,919 2501,931 2486,931 2468,913 2465,913 2447,931 2438,931 2435,928 2432,928 2429,931 2426,931 2423,928 2420,928 2399,907 2396,907 2387,898 2381,898 2378,901 2372,901 2357,886 2348,886 2345,883 2342,886 2318,862 2312,862 2309,865 2303,865 2299,868 2287,868 2281,874 2272,874 2269,877 2266,877 2254,889 2248,889 2239,898 2221,898 2176,943 2158,943 2152,937 2128,937 2119,946 2110,946 2083,919 2079,916 2076,913 2073,913 2070,910 2055,910 2046,901 2034,901 2022,889 2016,889 2013,886 1998,886 1995,889 1989,889 1986,886 1983,886 1974,895 1965,895 1962,898 1932,898 1926,904 1920,898 1899,898 1893,892 1887,892 1881,886 1872,886 1866,892 1862,892 1859,889 1856,892 1853,889 1838,889 1835,892 1829,892 1826,889 1823,889 1817,895 1811,895 1796,910 1781,910 1772,919 1763,919 1760,916 1757,916 1751,922 1748,922 1745,925 1742,925 1739,922 1733,922 1730,925 1715,925 1694,904 1688,904 1685,907 1673,895 1664,895 1646,913 1642,916 1624,934 1615,934 1585,964 1579,964 1519,904 1507,916 1504,916 1498,922 1495,922 1444,973 1438,973 1435,976 1413,976 1404,985 1401,982 1395,982 1386,973 1377,973 1371,979 1356,979 1350,985 1338,985 1335,989 1320,1004 1314,1004 1311,1007 1284,1007 1281,1010 1275,1004 1266,1004 1263,1001 1245,1001 1233,989 1230,989 1227,985 1224,985 1212,973 1190,973"/>
<Baseline points="1206,1054 1320,1052 1435,1046 1550,1042 1665,1036 1780,1031 1894,1024 2009,1018 2124,1012 2239,1007 2354,1002 2468,998 2583,994 2698,992 2813,990 2928,990 3042,991 3157,994 3272,998 3387,1004 3502,1012"/>
<TextEquiv>
<Unicode>maisons Ferrier François, Fener Charles </Unicode>
</TextEquiv>
</TextLine>
<TextLine custom="readingOrder {index:4;} person {offset:3; length:6;}" id="r1l5">
<Coords points="1175,1209 1190,1209 1196,1215 1218,1215 1230,1227 1233,1227 1236,1230 1239,1230 1254,1245 1263,1245 1299,1209 1302,1209 1305,1206 1308,1202 1311,1199 1314,1202 1317,1206 1323,1212 1329,1212 1335,1206 1338,1202 1347,1202 1350,1199 1401,1199 1404,1202 1407,1206 1410,1209 1416,1209 1419,1206 1422,1202 1429,1202 1432,1206 1474,1248 1477,1248 1507,1278 1525,1278 1537,1266 1540,1269 1552,1257 1561,1257 1603,1215 1609,1215 1618,1206 1621,1202 1624,1199 1630,1199 1639,1190 1642,1193 1652,1193 1655,1196 1658,1196 1661,1199 1682,1199 1685,1202 1706,1202 1709,1199 1724,1199 1724,1115 1709,1115 1700,1124 1697,1121 1694,1124 1691,1124 1688,1127 1682,1127 1673,1118 1658,1118 1655,1115 1630,1115 1627,1112 1618,1112 1600,1094 1597,1094 1594,1097 1573,1097 1567,1091 1549,1091 1522,1064 1513,1064 1510,1061 1498,1061 1489,1052 1486,1055 1480,1055 1465,1070 1462,1070 1444,1088 1419,1088 1416,1091 1407,1091 1404,1094 1395,1094 1389,1100 1386,1100 1383,1097 1374,1097 1371,1100 1359,1088 1356,1088 1353,1085 1350,1085 1335,1070 1323,1070 1317,1076 1314,1076 1281,1109 1275,1109 1269,1115 1242,1115 1236,1121 1233,1121 1221,1109 1218,1112 1212,1112 1206,1118 1202,1121 1175,1121"/>
<Baseline points="1190,1202 1216,1202 1242,1201 1268,1200 1294,1199 1320,1197 1346,1196 1372,1195 1398,1193 1424,1191 1450,1190 1476,1189 1502,1187 1528,1186 1554,1185 1580,1184 1606,1184 1632,1183 1658,1183 1684,1184 1710,1184"/>
<TextEquiv>
<Unicode>et Atuyer. </Unicode>
</TextEquiv>
</TextLine>
<TextLine custom="readingOrder {index:5;} textStyle {offset:4; length:1;fontSize:0.0; kerning:0; superscript:true;} person {offset:6; length:4;}" id="r1l6">
<Coords points="1778,1362 1799,1362 1802,1359 1811,1359 1820,1350 1829,1350 1844,1335 1853,1335 1856,1332 1878,1332 1881,1335 1890,1335 1893,1338 1902,1338 1914,1326 1917,1326 1920,1323 1923,1326 1926,1326 1947,1347 1953,1347 1962,1338 1968,1338 1971,1335 1977,1335 1980,1332 1986,1338 2001,1338 2007,1332 2010,1332 2016,1338 2022,1338 2025,1335 2028,1335 2031,1338 2040,1338 2043,1341 2046,1341 2052,1347 2061,1347 2064,1344 2076,1356 2092,1356 2095,1353 2098,1353 2101,1350 2104,1350 2116,1338 2125,1338 2131,1332 2143,1332 2146,1329 2161,1329 2164,1332 2167,1332 2173,1338 2179,1332 2182,1332 2194,1320 2200,1320 2203,1317 2212,1317 2218,1323 2227,1323 2230,1320 2236,1320 2239,1317 2263,1317 2269,1323 2281,1323 2284,1320 2290,1320 2293,1323 2296,1320 2303,1320 2306,1317 2315,1317 2318,1320 2339,1320 2342,1317 2348,1317 2351,1314 2357,1320 2360,1320 2372,1308 2375,1308 2387,1296 2390,1296 2414,1272 2417,1272 2429,1284 2438,1284 2471,1317 2486,1317 2498,1305 2501,1305 2519,1323 2541,1323 2544,1326 2547,1326 2550,1329 2559,1329 2562,1326 2568,1326 2571,1323 2577,1323 2619,1365 2622,1365 2628,1371 2637,1371 2661,1347 2670,1347 2697,1320 2721,1320 2727,1314 2730,1314 2736,1320 2739,1320 2743,1317 2752,1308 2755,1308 2758,1305 2767,1305 2773,1299 2776,1299 2779,1296 2794,1296 2797,1299 2803,1299 2806,1302 2815,1302 2821,1308 2824,1308 2839,1323 2845,1323 2848,1320 2854,1320 2860,1314 2863,1314 2878,1299 2884,1299 2890,1293 2911,1293 2926,1308 2935,1308 2944,1317 2963,1317 2972,1308 2975,1308 2978,1305 2981,1305 2984,1308 2987,1308 2990,1311 2993,1308 2996,1308 3005,1299 3020,1299 3023,1302 3026,1302 3029,1299 3053,1323 3059,1323 3098,1362 3101,1362 3104,1365 3107,1365 3113,1371 3125,1371 3131,1365 3137,1365 3143,1359 3152,1359 3161,1350 3164,1350 3176,1338 3180,1335 3183,1332 3186,1332 3189,1329 3195,1329 3201,1323 3216,1323 3219,1320 3225,1320 3234,1311 3246,1311 3255,1302 3258,1305 3264,1299 3282,1299 3288,1305 3294,1305 3300,1311 3309,1311 3315,1305 3318,1308 3324,1302 3327,1302 3330,1305 3363,1305 3366,1302 3384,1302 3384,1169 3366,1169 3363,1166 3357,1172 3354,1172 3348,1178 3342,1178 3318,1202 3282,1202 3279,1199 3273,1199 3267,1193 3261,1193 3258,1190 3252,1190 3243,1199 3219,1199 3216,1202 3213,1206 3210,1209 3195,1209 3192,1212 3183,1212 3180,1209 3176,1206 3173,1202 3167,1196 3152,1196 3149,1193 3146,1193 3137,1202 3134,1206 3125,1215 3116,1215 3110,1209 3107,1209 3101,1215 3089,1215 3080,1224 3074,1224 3068,1230 3062,1230 3059,1233 3047,1221 3035,1221 3023,1209 3020,1209 3017,1206 3014,1206 3011,1209 3008,1209 2999,1218 2993,1218 2990,1215 2987,1215 2984,1212 2978,1212 2972,1206 2956,1206 2950,1212 2932,1212 2929,1215 2869,1215 2863,1209 2857,1209 2854,1206 2845,1206 2842,1209 2839,1209 2830,1218 2818,1218 2815,1215 2803,1215 2800,1218 2782,1218 2773,1227 2767,1227 2758,1218 2749,1218 2746,1221 2743,1221 2739,1224 2730,1224 2727,1221 2724,1221 2718,1227 2715,1227 2712,1230 2706,1230 2691,1215 2688,1215 2679,1206 2676,1202 2652,1178 2649,1178 2646,1175 2628,1175 2625,1172 2613,1172 2610,1175 2577,1175 2574,1178 2568,1178 2565,1181 2559,1181 2556,1184 2553,1184 2544,1175 2535,1175 2523,1163 2519,1160 2516,1160 2513,1157 2507,1157 2477,1127 2462,1127 2447,1112 2444,1112 2441,1109 2435,1109 2429,1103 2396,1103 2393,1100 2387,1100 2381,1106 2378,1106 2375,1103 2369,1103 2366,1100 2363,1100 2360,1097 2354,1097 2345,1088 2336,1088 2312,1064 2303,1064 2299,1067 2287,1067 2257,1097 2242,1097 2239,1094 2233,1094 2227,1088 2218,1088 2215,1085 2212,1088 2203,1088 2200,1085 2194,1085 2185,1094 2179,1094 2167,1106 2161,1106 2158,1109 2155,1109 2146,1118 2116,1118 2092,1094 2089,1094 2083,1100 2079,1103 2073,1109 2058,1109 2049,1100 2043,1100 2040,1103 2031,1103 2028,1106 2019,1106 2016,1109 2004,1109 2001,1106 1992,1106 1989,1109 1980,1109 1974,1103 1971,1103 1965,1097 1953,1097 1944,1106 1938,1106 1932,1100 1899,1100 1893,1094 1884,1094 1875,1103 1872,1103 1866,1109 1853,1109 1844,1118 1832,1118 1829,1115 1826,1115 1823,1118 1820,1118 1817,1121 1778,1121"/>
<Baseline points="1792,1320 1870,1316 1949,1312 2028,1309 2107,1306 2186,1303 2265,1300 2344,1297 2423,1294 2502,1292 2581,1290 2659,1288 2738,1286 2817,1285 2896,1284 2975,1284 3054,1284 3133,1284 3212,1284 3291,1286 3370,1288"/>
<TextEquiv>
<Unicode>Le né Polo dit qu'au sujet </Unicode>
</TextEquiv>
</TextLine>
<TextLine custom="readingOrder {index:6;} textStyle {offset:7; length:2;fontSize:0.0; kerning:0; superscript:true;} person {offset:10; length:7;}" id="r1l7">
<Coords points="1178,1519 1202,1519 1206,1522 1212,1528 1221,1528 1224,1525 1227,1525 1230,1522 1233,1525 1239,1525 1251,1513 1254,1516 1257,1513 1260,1513 1263,1516 1266,1513 1269,1516 1272,1516 1278,1510 1281,1510 1287,1504 1290,1504 1299,1495 1302,1495 1305,1492 1308,1492 1311,1489 1314,1492 1317,1492 1320,1495 1326,1495 1335,1504 1338,1504 1347,1495 1362,1495 1368,1501 1374,1501 1377,1504 1380,1504 1386,1510 1392,1510 1395,1507 1404,1507 1410,1501 1419,1501 1422,1504 1432,1504 1444,1492 1450,1492 1453,1489 1456,1489 1462,1495 1471,1495 1474,1492 1495,1492 1501,1498 1513,1498 1516,1501 1528,1501 1531,1504 1537,1504 1540,1507 1543,1507 1555,1495 1591,1495 1603,1483 1609,1483 1615,1489 1618,1489 1624,1495 1627,1495 1630,1498 1633,1498 1636,1501 1639,1498 1646,1498 1649,1495 1655,1495 1667,1483 1679,1483 1682,1480 1697,1480 1703,1486 1715,1486 1721,1492 1724,1492 1733,1483 1745,1483 1760,1498 1763,1498 1769,1504 1775,1504 1778,1501 1808,1501 1820,1489 1823,1489 1826,1486 1832,1492 1838,1492 1847,1483 1850,1483 1853,1480 1869,1480 1872,1483 1878,1483 1881,1486 1884,1486 1887,1483 1902,1483 1917,1498 1944,1498 1947,1501 1956,1501 1989,1534 1992,1534 1995,1537 2004,1537 2007,1534 2013,1534 2016,1531 2031,1531 2064,1498 2070,1498 2076,1492 2079,1492 2083,1489 2092,1480 2098,1480 2104,1486 2122,1486 2128,1492 2131,1492 2137,1486 2146,1495 2155,1495 2158,1492 2161,1492 2164,1489 2167,1492 2173,1492 2176,1495 2179,1495 2197,1477 2200,1480 2215,1480 2221,1486 2230,1486 2245,1471 2260,1471 2263,1468 2266,1468 2278,1480 2281,1477 2287,1477 2296,1468 2315,1468 2318,1465 2321,1465 2324,1462 2330,1462 2345,1477 2354,1477 2360,1483 2363,1480 2369,1480 2372,1483 2381,1483 2384,1486 2399,1486 2402,1483 2438,1483 2441,1486 2447,1486 2450,1489 2459,1489 2471,1477 2480,1477 2483,1480 2498,1480 2507,1489 2510,1489 2519,1480 2523,1477 2532,1477 2538,1483 2541,1480 2553,1480 2559,1474 2565,1474 2568,1471 2583,1471 2586,1474 2589,1474 2595,1480 2598,1480 2601,1477 2604,1477 2616,1465 2625,1465 2631,1471 2640,1471 2652,1483 2664,1483 2676,1471 2682,1471 2685,1474 2688,1471 2691,1471 2694,1474 2700,1468 2706,1468 2712,1474 2715,1471 2718,1471 2721,1468 2733,1468 2736,1471 2739,1471 2743,1468 2749,1468 2758,1477 2773,1477 2776,1480 2779,1480 2782,1483 2785,1483 2788,1486 2800,1474 2809,1474 2818,1465 2821,1465 2836,1450 2839,1450 2848,1459 2854,1459 2869,1444 2881,1444 2887,1450 2890,1447 2902,1447 2905,1450 2914,1450 2917,1447 2926,1447 2932,1441 2935,1441 2938,1444 2947,1444 2950,1447 2953,1447 2956,1444 2969,1444 2975,1450 2978,1450 2981,1447 2990,1447 2996,1453 3014,1453 3017,1456 3035,1456 3041,1462 3047,1462 3050,1459 3083,1459 3086,1462 3089,1459 3092,1459 3095,1456 3113,1456 3116,1453 3125,1453 3131,1447 3137,1453 3140,1453 3143,1456 3152,1456 3155,1459 3167,1459 3170,1456 3183,1456 3189,1462 3195,1462 3198,1459 3210,1459 3213,1456 3216,1456 3219,1459 3222,1459 3225,1462 3228,1462 3231,1465 3237,1465 3243,1459 3255,1459 3258,1462 3264,1462 3270,1456 3276,1456 3279,1453 3285,1453 3297,1465 3306,1456 3312,1456 3339,1483 3342,1480 3348,1480 3351,1477 3360,1477 3372,1465 3375,1465 3378,1462 3390,1462 3396,1456 3433,1456 3436,1459 3445,1459 3457,1471 3463,1471 3466,1468 3469,1468 3481,1480 3517,1480 3517,1362 3460,1362 3457,1365 3451,1365 3448,1362 3442,1362 3436,1356 3433,1356 3424,1347 3415,1347 3412,1350 3400,1350 3396,1347 3378,1347 3375,1344 3372,1344 3363,1353 3360,1350 3357,1350 3348,1341 3342,1341 3330,1353 3321,1353 3318,1350 3315,1350 3309,1344 3300,1344 3288,1332 3285,1332 3276,1323 3273,1323 3270,1320 3258,1320 3255,1317 3249,1317 3246,1320 3243,1317 3228,1317 3225,1320 3219,1320 3216,1323 3204,1323 3192,1335 3189,1335 3186,1332 3183,1335 3180,1335 3176,1338 3164,1350 3161,1350 3152,1359 3149,1359 3134,1374 3131,1374 3128,1371 3122,1371 3119,1374 3116,1374 3113,1371 3107,1371 3104,1374 3077,1374 3074,1377 3071,1377 3065,1383 3062,1383 3059,1380 3050,1380 3047,1383 3044,1383 3038,1389 3032,1389 3029,1392 3020,1392 3014,1386 3011,1386 2999,1374 2996,1374 2975,1353 2972,1353 2969,1350 2963,1350 2960,1347 2956,1344 2947,1335 2926,1335 2917,1326 2902,1326 2896,1332 2893,1332 2878,1347 2863,1347 2845,1365 2839,1365 2833,1371 2824,1371 2818,1365 2812,1365 2791,1386 2782,1386 2776,1380 2767,1380 2761,1386 2758,1386 2749,1395 2739,1395 2736,1398 2724,1398 2715,1389 2709,1395 2706,1395 2703,1398 2700,1395 2685,1395 2667,1377 2658,1377 2652,1371 2625,1371 2598,1344 2595,1344 2574,1323 2571,1323 2568,1326 2562,1326 2559,1329 2550,1329 2547,1326 2544,1329 2541,1329 2535,1335 2529,1335 2526,1338 2523,1338 2519,1341 2516,1344 2513,1344 2510,1347 2501,1347 2438,1284 2423,1284 2411,1296 2408,1296 2399,1305 2396,1305 2309,1392 2303,1392 2299,1395 2296,1398 2260,1398 2251,1389 2245,1395 2236,1395 2233,1392 2230,1392 2227,1389 2218,1389 2209,1380 2206,1380 2200,1374 2194,1374 2167,1401 2164,1401 2161,1404 2140,1404 2134,1398 2131,1398 2128,1395 2113,1395 2104,1386 2101,1389 2098,1386 2095,1389 2089,1389 2086,1392 2070,1392 2067,1389 2061,1389 2046,1374 2034,1374 2022,1362 2016,1362 2013,1359 2010,1359 1995,1344 1992,1344 1980,1332 1977,1335 1971,1335 1968,1338 1962,1338 1953,1347 1947,1347 1926,1326 1914,1326 1902,1338 1893,1338 1890,1335 1881,1335 1878,1332 1856,1332 1853,1335 1844,1335 1817,1362 1814,1362 1805,1371 1802,1371 1793,1362 1763,1362 1757,1368 1742,1368 1733,1377 1691,1377 1688,1380 1676,1380 1664,1392 1642,1392 1636,1398 1633,1398 1630,1401 1594,1401 1591,1398 1582,1398 1570,1386 1567,1386 1456,1275 1450,1275 1447,1272 1444,1272 1435,1281 1410,1281 1407,1284 1398,1284 1392,1278 1389,1281 1383,1281 1380,1284 1365,1284 1314,1335 1311,1335 1299,1347 1296,1347 1287,1356 1281,1356 1275,1362 1263,1362 1254,1371 1245,1371 1236,1362 1233,1362 1230,1359 1227,1359 1224,1362 1218,1356 1209,1365 1178,1365"/>
<Baseline points="1192,1484 1307,1482 1423,1480 1538,1476 1654,1472 1769,1468 1885,1464 2000,1460 2116,1456 2231,1452 2347,1448 2462,1444 2578,1441 2693,1438 2809,1436 2924,1434 3040,1434 3155,1436 3271,1436 3386,1440 3502,1444"/>
<TextEquiv>
<Unicode>de la mon Atuyer, la Commission Exécutive </Unicode>
</TextEquiv>
</TextLine>
<TextLine custom="readingOrder {index:7;} work {offset:21; length:6;}" id="r1l8">
<Coords points="1190,1636 1215,1636 1221,1630 1236,1630 1239,1627 1248,1627 1251,1624 1254,1624 1272,1642 1275,1646 1287,1658 1290,1658 1293,1661 1296,1661 1299,1658 1308,1658 1311,1655 1314,1655 1320,1661 1326,1655 1347,1655 1350,1652 1410,1652 1416,1658 1419,1658 1422,1661 1429,1661 1432,1658 1441,1658 1450,1649 1474,1649 1477,1646 1480,1646 1483,1642 1486,1646 1492,1646 1495,1649 1498,1649 1504,1655 1525,1655 1534,1646 1543,1646 1549,1652 1555,1646 1558,1649 1570,1649 1573,1646 1576,1642 1579,1639 1582,1639 1585,1636 1594,1636 1600,1642 1603,1646 1606,1649 1612,1649 1630,1667 1652,1667 1658,1673 1691,1673 1694,1670 1697,1670 1703,1664 1715,1664 1718,1661 1727,1661 1739,1649 1742,1649 1745,1646 1748,1646 1751,1642 1754,1639 1805,1639 1811,1633 1814,1633 1817,1636 1832,1636 1841,1627 1862,1627 1866,1630 1869,1633 1878,1633 1881,1636 1884,1636 1887,1639 1899,1627 1902,1627 1908,1621 1914,1621 1935,1642 1938,1646 1974,1682 1977,1682 1980,1679 1983,1679 1986,1676 1992,1676 1998,1670 2004,1670 2007,1667 2013,1667 2016,1664 2019,1664 2028,1655 2031,1655 2040,1646 2043,1642 2052,1642 2070,1624 2083,1624 2089,1630 2098,1630 2104,1636 2122,1636 2125,1633 2146,1633 2149,1636 2158,1636 2164,1642 2167,1642 2191,1618 2209,1618 2218,1627 2221,1627 2230,1618 2242,1618 2251,1609 2257,1609 2263,1615 2269,1615 2275,1609 2303,1609 2312,1618 2315,1615 2327,1615 2330,1612 2348,1612 2354,1618 2357,1618 2360,1615 2363,1615 2369,1609 2372,1612 2375,1609 2387,1609 2390,1606 2408,1606 2411,1609 2429,1609 2432,1612 2444,1612 2450,1606 2459,1606 2462,1603 2465,1603 2468,1606 2474,1606 2477,1603 2480,1603 2483,1606 2507,1606 2519,1618 2523,1618 2532,1627 2541,1627 2547,1621 2559,1621 2568,1612 2574,1612 2577,1609 2580,1609 2589,1600 2604,1600 2607,1603 2616,1603 2619,1600 2628,1600 2631,1603 2640,1603 2643,1606 2661,1606 2673,1618 2679,1618 2685,1612 2691,1612 2694,1609 2706,1609 2718,1621 2752,1621 2764,1609 2770,1609 2779,1618 2782,1618 2785,1621 2791,1621 2794,1618 2800,1618 2803,1621 2806,1621 2812,1627 2818,1627 2821,1624 2827,1624 2830,1627 2839,1627 2842,1624 2848,1624 2857,1615 2866,1615 2869,1612 2872,1612 2875,1609 2878,1609 2881,1606 2890,1606 2899,1615 2914,1600 2932,1600 2935,1603 2938,1603 2941,1606 2944,1603 2950,1603 2953,1600 2963,1600 2966,1603 2984,1603 2990,1597 2993,1597 3008,1612 3029,1612 3035,1618 3044,1618 3047,1621 3053,1615 3059,1615 3062,1612 3065,1612 3068,1609 3095,1609 3098,1606 3104,1606 3107,1603 3134,1603 3137,1606 3140,1603 3149,1612 3161,1612 3176,1597 3189,1597 3192,1600 3201,1600 3204,1597 3222,1597 3225,1600 3228,1600 3234,1606 3261,1606 3273,1594 3288,1594 3291,1597 3300,1597 3306,1603 3318,1603 3321,1606 3330,1606 3339,1615 3369,1615 3378,1606 3393,1606 3396,1609 3400,1612 3406,1618 3418,1618 3421,1621 3427,1621 3430,1618 3445,1618 3445,1519 3421,1519 3418,1522 3412,1522 3400,1510 3396,1507 3393,1504 3390,1504 3384,1498 3381,1498 3375,1504 3354,1504 3351,1501 3348,1501 3342,1495 3336,1495 3321,1510 3315,1510 3306,1501 3303,1501 3300,1504 3297,1501 3294,1501 3291,1504 3285,1504 3282,1501 3279,1501 3276,1504 3270,1504 3264,1510 3258,1510 3255,1507 3249,1507 3246,1504 3207,1504 3201,1510 3198,1510 3180,1528 3161,1528 3149,1516 3140,1516 3113,1489 3089,1489 3086,1486 3062,1486 3053,1495 3050,1492 3044,1498 3035,1498 3032,1495 3029,1495 3023,1489 3020,1489 3017,1492 3014,1492 3008,1486 2996,1498 2993,1498 2987,1492 2978,1501 2972,1501 2960,1489 2956,1489 2953,1486 2914,1486 2911,1489 2908,1486 2896,1486 2893,1483 2887,1489 2884,1489 2881,1492 2860,1492 2857,1489 2854,1492 2851,1492 2845,1486 2839,1486 2830,1477 2824,1477 2821,1474 2800,1474 2788,1486 2785,1486 2779,1480 2767,1492 2758,1492 2755,1495 2752,1495 2743,1504 2739,1507 2730,1507 2709,1528 2706,1528 2703,1531 2679,1531 2664,1546 2661,1546 2652,1537 2649,1537 2646,1540 2643,1540 2637,1534 2628,1534 2619,1543 2616,1543 2613,1540 2610,1540 2601,1531 2589,1531 2574,1546 2565,1546 2562,1549 2541,1549 2535,1555 2532,1555 2523,1546 2519,1546 2513,1540 2507,1540 2504,1543 2501,1543 2498,1546 2492,1546 2489,1543 2483,1543 2480,1546 2435,1546 2429,1540 2423,1546 2405,1546 2402,1549 2399,1549 2396,1552 2384,1540 2366,1540 2363,1543 2354,1543 2351,1540 2348,1540 2345,1537 2330,1537 2327,1534 2324,1534 2321,1531 2315,1531 2312,1534 2306,1534 2303,1531 2299,1531 2281,1549 2278,1549 2272,1543 2263,1543 2260,1546 2257,1546 2254,1549 2251,1549 2248,1552 2245,1552 2239,1546 2236,1546 2215,1525 2173,1525 2170,1528 2167,1528 2161,1522 2152,1522 2146,1528 2137,1528 2116,1507 2110,1507 2098,1495 2092,1495 2083,1504 2079,1504 2076,1507 2073,1507 2028,1552 2025,1552 2019,1558 2007,1558 2001,1564 1998,1564 1995,1561 1983,1561 1977,1555 1971,1555 1968,1552 1962,1552 1959,1555 1953,1555 1950,1558 1941,1549 1935,1549 1914,1528 1911,1528 1905,1522 1902,1522 1899,1525 1896,1522 1884,1534 1881,1534 1875,1528 1869,1528 1866,1531 1862,1534 1859,1534 1856,1537 1853,1537 1850,1534 1835,1534 1826,1543 1814,1543 1808,1537 1805,1537 1802,1534 1796,1540 1784,1540 1778,1546 1775,1546 1763,1558 1757,1558 1754,1561 1721,1528 1718,1531 1709,1531 1706,1528 1703,1528 1679,1504 1676,1504 1667,1495 1664,1495 1661,1492 1658,1492 1655,1495 1649,1495 1646,1498 1639,1498 1636,1501 1633,1498 1627,1504 1618,1504 1606,1492 1603,1492 1600,1489 1597,1489 1591,1495 1555,1495 1543,1507 1537,1507 1531,1513 1522,1513 1516,1507 1513,1507 1507,1513 1504,1513 1501,1516 1495,1516 1489,1522 1483,1522 1477,1528 1459,1528 1447,1516 1413,1516 1401,1528 1398,1528 1383,1543 1368,1543 1365,1546 1359,1546 1350,1555 1335,1555 1332,1552 1329,1552 1314,1537 1311,1537 1308,1534 1293,1534 1278,1549 1251,1549 1242,1540 1236,1540 1230,1546 1212,1546 1209,1549 1190,1549"/>
<Baseline points="1204,1626 1315,1626 1426,1624 1537,1624 1649,1621 1760,1618 1871,1616 1983,1612 2094,1609 2205,1605 2317,1600 2428,1597 2539,1594 2650,1590 2762,1588 2873,1584 2984,1582 3096,1580 3207,1580 3318,1578 3430,1580"/>
<TextEquiv>
<Unicode>a été trompée par un maître de cette </Unicode>
</TextEquiv>
</TextLine>
<TextLine custom="readingOrder {index:8;} textStyle {offset:29; length:1;fontSize:0.0; kerning:0; superscript:true;} person {offset:31; length:4;}" id="r1l9">
<Coords points="1184,1805 1199,1805 1202,1808 1209,1808 1221,1796 1224,1796 1227,1799 1230,1799 1236,1805 1239,1802 1242,1802 1245,1799 1260,1799 1266,1805 1269,1805 1275,1811 1281,1811 1284,1808 1287,1808 1302,1793 1311,1793 1320,1802 1323,1799 1326,1799 1347,1820 1359,1820 1362,1817 1368,1817 1371,1814 1377,1814 1395,1796 1398,1796 1407,1787 1413,1787 1419,1793 1435,1793 1438,1790 1444,1790 1447,1787 1450,1787 1453,1790 1462,1790 1465,1793 1471,1793 1477,1787 1480,1787 1486,1781 1501,1781 1504,1778 1507,1781 1516,1781 1519,1778 1522,1778 1540,1796 1552,1796 1558,1790 1561,1790 1567,1784 1573,1784 1576,1787 1588,1787 1594,1781 1597,1784 1609,1784 1612,1781 1615,1784 1621,1784 1630,1793 1633,1793 1639,1799 1649,1799 1652,1796 1664,1796 1667,1799 1673,1799 1691,1781 1712,1781 1715,1778 1724,1778 1730,1784 1745,1784 1751,1778 1772,1778 1775,1781 1820,1781 1823,1778 1826,1778 1829,1775 1841,1787 1850,1787 1856,1793 1869,1793 1875,1799 1878,1799 1881,1796 1884,1796 1887,1793 1893,1793 1896,1790 1905,1790 1911,1784 1920,1793 1926,1793 1929,1796 1935,1796 1938,1793 1947,1793 1953,1799 1971,1799 1986,1784 1995,1784 1998,1781 2001,1781 2007,1775 2028,1775 2031,1772 2037,1772 2040,1769 2043,1769 2046,1766 2049,1766 2052,1769 2058,1769 2061,1772 2064,1772 2067,1769 2079,1769 2083,1772 2113,1802 2119,1802 2122,1805 2128,1805 2140,1817 2146,1811 2149,1811 2188,1772 2206,1772 2215,1763 2224,1763 2230,1769 2233,1766 2236,1766 2242,1760 2254,1760 2260,1766 2269,1766 2272,1769 2275,1769 2281,1775 2284,1772 2290,1772 2293,1775 2299,1769 2315,1769 2318,1772 2321,1772 2330,1763 2333,1766 2336,1766 2339,1763 2342,1766 2381,1766 2390,1757 2408,1757 2411,1754 2441,1754 2456,1769 2471,1769 2474,1766 2489,1766 2492,1763 2507,1763 2510,1760 2516,1760 2519,1763 2523,1766 2526,1766 2538,1754 2541,1757 2550,1757 2553,1754 2556,1757 2562,1757 2568,1751 2577,1751 2583,1757 2586,1757 2589,1760 2592,1760 2595,1757 2598,1760 2619,1760 2634,1775 2652,1775 2655,1772 2658,1772 2661,1769 2670,1769 2676,1763 2688,1763 2691,1760 2697,1760 2700,1763 2703,1763 2715,1775 2721,1775 2724,1778 2746,1778 2749,1781 2758,1781 2764,1775 2767,1775 2770,1772 2776,1772 2788,1784 2794,1784 2803,1793 2812,1793 2815,1790 2821,1790 2824,1793 2830,1787 2833,1790 2854,1790 2872,1772 2890,1772 2896,1766 2902,1766 2911,1757 2926,1757 2929,1760 2932,1760 2938,1766 2950,1766 2953,1763 2956,1766 2960,1769 2972,1781 2975,1781 2981,1775 2987,1775 2993,1769 2999,1769 3002,1766 3008,1766 3011,1763 3023,1763 3026,1766 3029,1763 3032,1763 3044,1751 3053,1751 3059,1757 3068,1757 3071,1760 3074,1760 3077,1757 3089,1757 3095,1751 3140,1751 3143,1748 3180,1748 3183,1751 3189,1751 3192,1748 3237,1748 3240,1745 3243,1748 3246,1748 3252,1754 3270,1754 3273,1757 3276,1757 3279,1760 3282,1760 3285,1763 3297,1751 3300,1751 3309,1760 3318,1760 3321,1763 3333,1763 3339,1757 3342,1757 3345,1754 3348,1754 3351,1757 3360,1757 3363,1754 3375,1754 3381,1760 3387,1760 3396,1769 3403,1769 3406,1772 3430,1772 3430,1618 3393,1618 3384,1627 3381,1624 3363,1624 3357,1630 3348,1630 3342,1624 3321,1624 3294,1597 3291,1597 3288,1594 3273,1594 3261,1606 3237,1606 3234,1609 3231,1609 3228,1612 3225,1612 3222,1609 3216,1609 3207,1618 3201,1618 3183,1636 3161,1636 3158,1639 3155,1639 3152,1636 3149,1636 3143,1642 3140,1646 3122,1664 3119,1661 3110,1661 3107,1664 3104,1664 3098,1670 3092,1664 3089,1664 3086,1661 3083,1661 3077,1655 3065,1655 3062,1652 3053,1652 3050,1655 3041,1646 3038,1642 3035,1639 3032,1642 3026,1636 3020,1636 2999,1615 2996,1615 2987,1606 2978,1606 2975,1603 2966,1603 2963,1600 2953,1600 2950,1603 2944,1603 2941,1606 2938,1606 2932,1600 2917,1600 2896,1621 2887,1621 2866,1642 2863,1646 2860,1649 2848,1649 2833,1664 2797,1664 2791,1658 2785,1658 2782,1655 2779,1658 2773,1658 2764,1649 2761,1649 2758,1646 2755,1642 2743,1642 2733,1652 2724,1652 2718,1646 2715,1642 2703,1642 2685,1624 2682,1624 2676,1618 2673,1618 2661,1606 2646,1606 2643,1609 2637,1609 2628,1618 2625,1618 2622,1621 2619,1621 2616,1624 2607,1624 2601,1630 2592,1630 2580,1642 2577,1646 2574,1646 2568,1652 2565,1652 2559,1658 2556,1658 2535,1679 2532,1679 2529,1682 2523,1682 2519,1685 2513,1691 2510,1691 2507,1694 2504,1694 2495,1703 2492,1703 2489,1700 2483,1706 2480,1706 2477,1709 2474,1709 2471,1712 2468,1712 2465,1715 2462,1715 2453,1706 2450,1709 2438,1709 2423,1694 2414,1694 2408,1688 2405,1688 2402,1691 2381,1691 2378,1694 2375,1694 2372,1691 2369,1694 2357,1694 2351,1688 2348,1691 2342,1685 2336,1691 2293,1691 2269,1667 2245,1667 2242,1670 2239,1667 2236,1667 2230,1673 2227,1673 2215,1661 2212,1661 2209,1658 2197,1658 2188,1667 2185,1667 2182,1664 2176,1664 2158,1646 2155,1642 2146,1633 2125,1633 2122,1636 2104,1636 2101,1633 2086,1633 2083,1636 2079,1639 2076,1642 2073,1646 2064,1655 2061,1655 2052,1664 2049,1664 2040,1673 2028,1673 2022,1679 2019,1679 2010,1688 2007,1688 2004,1691 1998,1691 1995,1688 1989,1688 1983,1694 1980,1694 1932,1646 1929,1642 1914,1627 1899,1627 1887,1639 1881,1639 1878,1636 1872,1636 1866,1630 1862,1627 1841,1627 1832,1636 1817,1636 1814,1633 1811,1633 1805,1639 1769,1639 1766,1642 1763,1646 1739,1670 1730,1670 1727,1673 1721,1673 1718,1670 1715,1670 1709,1664 1703,1664 1697,1670 1694,1670 1691,1673 1655,1673 1649,1667 1630,1667 1627,1664 1621,1664 1618,1667 1609,1667 1606,1664 1603,1664 1585,1682 1552,1682 1546,1676 1543,1676 1540,1679 1537,1679 1513,1655 1504,1655 1498,1649 1489,1658 1483,1658 1459,1682 1453,1682 1435,1700 1429,1700 1426,1697 1422,1694 1419,1691 1398,1691 1386,1679 1380,1679 1365,1694 1353,1694 1350,1691 1344,1691 1335,1682 1296,1682 1287,1691 1284,1691 1278,1697 1269,1697 1266,1700 1263,1697 1257,1697 1248,1688 1242,1688 1239,1691 1236,1691 1227,1700 1212,1700 1209,1697 1202,1697 1199,1700 1184,1700"/>
<Baseline points="1200,1790 1310,1786 1421,1781 1532,1776 1642,1772 1753,1768 1864,1764 1974,1760 2085,1756 2196,1753 2307,1750 2417,1748 2528,1745 2639,1742 2749,1740 2860,1738 2971,1738 3081,1736 3192,1736 3303,1736 3414,1736"/>
<TextEquiv>
<Unicode>maison. Il attaque alors le né Dard</Unicode>
</TextEquiv>
</TextLine>
<TextLine custom="readingOrder {index:9;}" id="r1l10">
<Coords points="1224,1935 1239,1935 1245,1941 1251,1941 1254,1944 1257,1941 1263,1941 1269,1935 1272,1935 1275,1932 1284,1932 1287,1935 1296,1935 1302,1941 1314,1941 1317,1944 1320,1944 1323,1947 1326,1947 1344,1929 1347,1929 1353,1935 1386,1935 1392,1941 1398,1935 1404,1935 1407,1938 1416,1938 1419,1941 1429,1941 1438,1932 1441,1932 1447,1926 1450,1926 1453,1923 1465,1923 1471,1929 1477,1929 1480,1926 1486,1926 1492,1920 1501,1920 1522,1941 1525,1941 1528,1944 1531,1941 1543,1941 1546,1944 1549,1941 1555,1941 1558,1944 1561,1944 1564,1941 1567,1941 1570,1938 1579,1938 1582,1935 1588,1935 1594,1941 1606,1929 1612,1929 1615,1932 1618,1932 1624,1938 1627,1938 1630,1941 1642,1941 1646,1938 1649,1941 1652,1938 1658,1938 1661,1941 1664,1941 1667,1944 1670,1941 1676,1941 1685,1932 1694,1932 1700,1926 1709,1935 1742,1935 1751,1926 1766,1926 1778,1938 1781,1938 1784,1935 1787,1935 1799,1947 1805,1947 1808,1950 1832,1950 1835,1953 1841,1953 1850,1944 1856,1944 1862,1938 1866,1938 1881,1923 1890,1923 1893,1926 1899,1926 1905,1932 1911,1932 1920,1923 1935,1923 1938,1926 1941,1923 1950,1923 1953,1920 1965,1920 1968,1917 1983,1917 1989,1923 1992,1923 1995,1920 1998,1923 2001,1923 2004,1920 2022,1920 2025,1923 2040,1923 2043,1920 2049,1920 2052,1917 2070,1917 2073,1920 2076,1920 2079,1923 2089,1923 2095,1917 2101,1917 2116,1932 2122,1932 2125,1929 2131,1929 2140,1938 2146,1938 2152,1932 2158,1932 2161,1935 2170,1935 2173,1932 2176,1932 2179,1929 2182,1929 2194,1917 2200,1917 2206,1923 2209,1923 2215,1929 2230,1929 2239,1938 2257,1938 2266,1929 2272,1929 2275,1926 2284,1926 2287,1923 2290,1926 2299,1926 2303,1923 2315,1911 2321,1911 2339,1929 2342,1926 2345,1926 2357,1914 2363,1914 2372,1923 2381,1914 2384,1914 2390,1920 2420,1920 2423,1917 2432,1917 2435,1920 2444,1920 2447,1923 2453,1923 2462,1932 2471,1932 2477,1926 2480,1926 2483,1923 2486,1923 2495,1914 2498,1914 2501,1917 2513,1917 2516,1914 2532,1914 2538,1908 2547,1908 2550,1905 2553,1905 2556,1902 2568,1902 2574,1908 2577,1908 2580,1911 2583,1911 2586,1914 2589,1914 2610,1935 2622,1935 2625,1938 2631,1938 2637,1932 2640,1932 2643,1929 2646,1929 2649,1926 2661,1926 2664,1929 2667,1929 2673,1935 2697,1935 2715,1917 2721,1917 2724,1920 2743,1920 2755,1908 2758,1908 2761,1911 2764,1908 2770,1914 2773,1914 2776,1911 2788,1911 2794,1917 2800,1917 2803,1920 2815,1920 2818,1923 2836,1923 2845,1914 2851,1914 2863,1926 2866,1926 2872,1920 2875,1923 2887,1923 2905,1905 2908,1905 2911,1902 2917,1908 2923,1908 2932,1899 2944,1899 2953,1908 2960,1908 2966,1914 2969,1914 2981,1926 2984,1926 2987,1929 3002,1929 3005,1926 3011,1932 3017,1932 3026,1923 3032,1923 3041,1914 3050,1914 3053,1917 3059,1917 3065,1923 3080,1923 3083,1920 3092,1920 3098,1914 3101,1917 3113,1917 3116,1920 3134,1920 3137,1923 3143,1923 3149,1917 3152,1917 3155,1914 3170,1914 3176,1908 3186,1908 3195,1899 3231,1899 3246,1914 3255,1914 3258,1911 3270,1911 3276,1905 3291,1905 3297,1911 3330,1911 3333,1908 3336,1908 3342,1914 3366,1914 3369,1917 3375,1917 3381,1923 3384,1923 3393,1932 3403,1932 3427,1908 3436,1908 3439,1911 3442,1908 3472,1908 3472,1820 3451,1820 3448,1817 3442,1817 3433,1826 3415,1826 3400,1811 3393,1811 3390,1814 3387,1814 3372,1799 3366,1799 3363,1796 3360,1796 3345,1781 3342,1784 3339,1781 3321,1781 3318,1784 3306,1784 3282,1760 3279,1760 3276,1757 3273,1757 3270,1754 3246,1754 3210,1790 3204,1790 3198,1784 3183,1784 3180,1781 3173,1781 3146,1808 3143,1808 3134,1817 3131,1817 3125,1823 3119,1823 3110,1832 3101,1832 3098,1829 3083,1829 3080,1832 3062,1832 3059,1829 3050,1829 3038,1817 3035,1820 3029,1820 3026,1823 3023,1823 3020,1826 3011,1826 3002,1835 2999,1835 2990,1844 2969,1844 2960,1835 2956,1832 2926,1832 2923,1829 2920,1829 2917,1826 2914,1826 2911,1829 2899,1829 2896,1832 2890,1832 2887,1829 2884,1829 2866,1811 2863,1811 2854,1802 2845,1802 2842,1805 2836,1805 2821,1790 2815,1790 2812,1793 2803,1793 2794,1784 2788,1784 2785,1781 2767,1781 2761,1787 2758,1784 2755,1784 2752,1781 2727,1781 2721,1787 2718,1787 2712,1781 2709,1784 2703,1784 2688,1799 2682,1799 2679,1796 2673,1802 2670,1802 2667,1805 2655,1793 2646,1793 2643,1790 2628,1790 2622,1796 2613,1796 2610,1799 2604,1799 2601,1796 2586,1796 2583,1793 2577,1793 2559,1775 2547,1775 2544,1778 2538,1778 2535,1775 2532,1775 2529,1772 2519,1772 2513,1766 2507,1766 2504,1763 2492,1763 2489,1766 2483,1766 2480,1769 2477,1769 2474,1772 2471,1769 2468,1769 2462,1775 2441,1754 2411,1754 2408,1757 2402,1757 2387,1772 2384,1772 2381,1775 2375,1775 2363,1787 2360,1787 2351,1796 2348,1796 2345,1799 2342,1799 2333,1808 2324,1808 2321,1805 2318,1805 2315,1802 2309,1802 2303,1796 2296,1796 2275,1775 2269,1775 2254,1760 2242,1760 2236,1766 2233,1766 2230,1769 2224,1769 2212,1781 2209,1781 2170,1820 2167,1820 2161,1814 2149,1814 2146,1811 2140,1817 2131,1817 2128,1820 2122,1820 2119,1817 2116,1820 2110,1820 2101,1811 2098,1811 2095,1814 2089,1814 2083,1808 2079,1805 2067,1793 2064,1793 2061,1790 2055,1790 2043,1802 2037,1802 2034,1805 2022,1805 2016,1811 1992,1811 1989,1814 1986,1814 1983,1817 1977,1817 1971,1823 1965,1823 1959,1817 1956,1817 1953,1814 1947,1820 1935,1820 1929,1826 1923,1826 1917,1832 1908,1832 1899,1841 1887,1841 1872,1856 1856,1856 1850,1850 1847,1850 1838,1841 1835,1841 1832,1838 1820,1838 1817,1841 1814,1841 1805,1850 1781,1850 1778,1853 1775,1850 1772,1850 1766,1856 1757,1856 1751,1850 1745,1850 1736,1859 1724,1859 1718,1853 1706,1853 1703,1850 1700,1850 1697,1853 1685,1853 1682,1856 1679,1856 1646,1823 1642,1820 1609,1787 1576,1787 1573,1784 1567,1784 1561,1790 1558,1790 1552,1796 1537,1796 1519,1778 1516,1781 1507,1781 1504,1778 1501,1781 1489,1781 1483,1787 1477,1787 1471,1793 1459,1793 1450,1802 1447,1799 1444,1799 1438,1793 1419,1793 1413,1787 1407,1787 1398,1796 1395,1796 1377,1814 1371,1814 1362,1823 1356,1823 1353,1820 1338,1820 1329,1829 1323,1829 1320,1832 1317,1832 1314,1835 1308,1835 1287,1814 1278,1814 1269,1805 1257,1805 1251,1811 1224,1811"/>
<Baseline points="1238,1916 1349,1916 1460,1916 1571,1916 1682,1914 1793,1912 1904,1910 2015,1908 2126,1905 2237,1902 2348,1900 2459,1896 2570,1894 2681,1891 2792,1888 2903,1886 3014,1886 3125,1884 3236,1884 3347,1884 3458,1886"/>
<TextEquiv>
<Unicode>s'il a eu, dit-il le tempérament de </Unicode>
</TextEquiv>
</TextLine>
<TextLine custom="readingOrder {index:10;}" id="r1l11">
<Coords points="1160,2079 1184,2079 1190,2073 1212,2073 1215,2070 1233,2070 1236,2067 1239,2067 1242,2070 1254,2070 1263,2079 1266,2083 1272,2089 1290,2089 1296,2095 1299,2095 1308,2086 1326,2086 1329,2083 1332,2079 1335,2076 1344,2076 1347,2073 1350,2073 1353,2070 1362,2070 1365,2067 1380,2067 1386,2073 1392,2073 1395,2076 1398,2076 1401,2079 1404,2083 1407,2086 1441,2086 1444,2089 1456,2089 1462,2083 1465,2083 1468,2086 1471,2086 1474,2089 1477,2086 1480,2086 1483,2089 1486,2086 1495,2086 1498,2089 1501,2089 1507,2095 1516,2095 1525,2086 1561,2086 1564,2083 1567,2079 1582,2079 1591,2070 1600,2070 1603,2067 1624,2067 1627,2070 1642,2070 1646,2067 1661,2067 1664,2070 1670,2064 1679,2073 1682,2070 1685,2070 1688,2067 1697,2067 1700,2070 1706,2070 1709,2067 1730,2067 1733,2064 1748,2064 1760,2076 1772,2064 1790,2064 1796,2070 1802,2064 1820,2064 1835,2079 1838,2083 1844,2089 1878,2089 1884,2083 1887,2079 1905,2061 1914,2061 1932,2079 1935,2083 1956,2083 1959,2079 1965,2073 1968,2076 1974,2070 1986,2070 1992,2064 1995,2067 2001,2067 2007,2073 2010,2073 2013,2076 2016,2073 2037,2073 2043,2079 2046,2083 2049,2086 2058,2086 2061,2083 2064,2079 2067,2076 2089,2076 2095,2070 2101,2070 2107,2076 2122,2076 2125,2079 2128,2083 2134,2089 2137,2089 2143,2083 2146,2079 2155,2070 2164,2070 2167,2073 2170,2073 2173,2076 2179,2070 2188,2070 2197,2061 2200,2061 2203,2058 2206,2058 2209,2061 2212,2058 2215,2058 2218,2061 2221,2061 2227,2067 2239,2067 2254,2052 2257,2052 2269,2064 2275,2058 2293,2058 2296,2061 2299,2061 2303,2064 2309,2064 2318,2055 2324,2055 2327,2052 2342,2052 2345,2055 2348,2052 2357,2052 2360,2055 2363,2055 2366,2052 2369,2052 2372,2049 2384,2049 2387,2052 2390,2049 2393,2049 2399,2055 2411,2055 2420,2046 2423,2049 2429,2049 2435,2055 2441,2055 2444,2058 2450,2058 2462,2046 2465,2049 2483,2049 2486,2046 2495,2046 2498,2049 2507,2049 2510,2052 2516,2052 2519,2049 2523,2046 2529,2046 2532,2049 2538,2049 2541,2046 2547,2046 2550,2043 2583,2043 2586,2046 2589,2046 2592,2049 2604,2049 2610,2043 2613,2043 2616,2046 2619,2043 2625,2043 2634,2034 2637,2034 2640,2031 2646,2031 2649,2034 2655,2034 2664,2043 2667,2043 2670,2040 2673,2040 2676,2043 2682,2043 2688,2049 2691,2049 2703,2061 2706,2058 2724,2058 2730,2052 2733,2052 2736,2055 2749,2055 2752,2058 2767,2058 2770,2061 2782,2061 2785,2064 2809,2064 2812,2067 2815,2067 2830,2052 2845,2052 2851,2046 2863,2046 2866,2043 2887,2043 2893,2049 2902,2049 2911,2040 2923,2040 2932,2049 2935,2046 2944,2046 2947,2049 2963,2049 2966,2046 2975,2046 2984,2055 2993,2055 2996,2052 3005,2052 3017,2064 3020,2064 3035,2079 3047,2079 3056,2070 3062,2070 3068,2064 3071,2067 3077,2067 3101,2043 3104,2043 3107,2040 3116,2040 3119,2043 3122,2040 3134,2040 3137,2043 3140,2043 3143,2040 3146,2043 3149,2040 3152,2040 3155,2043 3158,2043 3176,2061 3180,2064 3189,2073 3195,2073 3198,2076 3210,2076 3213,2073 3219,2073 3222,2076 3231,2067 3234,2067 3240,2073 3246,2073 3255,2064 3264,2064 3270,2070 3288,2070 3294,2064 3300,2064 3312,2052 3336,2052 3345,2043 3354,2043 3360,2049 3363,2049 3366,2046 3369,2049 3378,2049 3384,2043 3390,2043 3393,2046 3406,2046 3412,2052 3421,2052 3439,2070 3451,2070 3460,2061 3481,2061 3481,1935 3445,1935 3436,1944 3433,1944 3421,1932 3360,1932 3354,1938 3348,1938 3330,1920 3321,1920 3318,1917 3315,1917 3312,1914 3300,1914 3288,1926 3279,1926 3273,1932 3270,1932 3252,1950 3243,1950 3240,1953 3237,1953 3231,1959 3225,1959 3222,1956 3210,1956 3207,1953 3198,1953 3180,1935 3176,1932 3164,1932 3161,1929 3152,1929 3149,1932 3140,1932 3137,1929 3128,1929 3122,1923 3119,1923 3104,1938 3095,1938 3092,1935 3059,1935 3026,1968 3017,1968 3011,1962 2999,1962 2993,1968 2990,1968 2987,1971 2984,1971 2975,1962 2966,1962 2960,1956 2956,1953 2917,1914 2899,1914 2887,1926 2878,1926 2869,1935 2866,1935 2860,1941 2857,1941 2851,1935 2845,1935 2842,1932 2836,1932 2830,1926 2821,1926 2815,1920 2803,1920 2800,1917 2794,1917 2788,1911 2776,1911 2773,1914 2767,1914 2761,1920 2749,1920 2743,1926 2739,1926 2709,1956 2703,1956 2688,1971 2685,1971 2679,1977 2673,1977 2670,1980 2667,1980 2664,1983 2658,1983 2652,1989 2640,1989 2628,1977 2622,1977 2619,1980 2616,1977 2613,1977 2607,1971 2604,1971 2601,1968 2598,1968 2595,1965 2592,1965 2589,1962 2586,1965 2583,1965 2574,1974 2565,1974 2562,1977 2547,1977 2544,1980 2538,1974 2535,1977 2532,1977 2529,1980 2523,1980 2519,1977 2516,1980 2513,1980 2510,1983 2504,1983 2501,1986 2495,1986 2489,1980 2474,1980 2465,1971 2462,1974 2456,1968 2453,1968 2444,1977 2438,1977 2435,1980 2432,1980 2429,1977 2417,1977 2414,1980 2408,1980 2402,1974 2399,1974 2390,1983 2369,1983 2363,1989 2360,1986 2354,1992 2351,1992 2345,1998 2342,1998 2336,2004 2333,2004 2330,2007 2324,2007 2321,2004 2318,2004 2315,2007 2312,2007 2306,2001 2299,2001 2296,1998 2290,1998 2287,2001 2278,2001 2275,1998 2272,1998 2263,1989 2251,1989 2248,1986 2236,1986 2233,1983 2230,1983 2221,1974 2218,1974 2209,1983 2206,1983 2203,1980 2200,1983 2197,1983 2194,1980 2191,1980 2188,1983 2185,1983 2182,1986 2179,1986 2176,1983 2170,1983 2167,1980 2149,1980 2143,1986 2140,1983 2113,1983 2110,1986 2104,1986 2101,1983 2098,1983 2083,1968 2079,1965 2073,1959 2070,1959 2058,1947 2055,1950 2046,1950 2043,1947 2040,1947 2034,1941 2028,1941 2016,1953 1998,1953 1995,1950 1989,1950 1986,1947 1977,1947 1974,1950 1971,1950 1956,1935 1950,1935 1944,1929 1941,1929 1935,1923 1929,1923 1914,1938 1911,1938 1893,1956 1887,1956 1878,1947 1862,1947 1835,1974 1829,1974 1817,1986 1814,1986 1811,1989 1808,1986 1802,1986 1799,1983 1784,1983 1781,1980 1769,1980 1766,1977 1742,1977 1739,1974 1730,1974 1715,1989 1712,1989 1709,1992 1703,1992 1700,1995 1697,1995 1694,1998 1682,1998 1676,1992 1664,1992 1661,1989 1655,1995 1652,1995 1646,1989 1642,1992 1633,1992 1630,1995 1618,1995 1603,1980 1591,1980 1585,1986 1570,1986 1567,1989 1531,1989 1465,1923 1453,1923 1450,1926 1447,1926 1441,1932 1438,1932 1426,1944 1422,1947 1410,1959 1392,1959 1386,1965 1374,1965 1338,2001 1329,2001 1323,1995 1296,1995 1293,1998 1281,1998 1272,2007 1263,1998 1248,1998 1245,1995 1242,1995 1227,2010 1224,2007 1221,2007 1218,2010 1209,2010 1206,2013 1202,2016 1190,2028 1187,2028 1184,2025 1160,2025"/>
<Baseline points="1174,2066 1288,2064 1403,2061 1517,2058 1632,2054 1747,2052 1861,2050 1976,2046 2090,2044 2205,2042 2320,2040 2434,2038 2549,2036 2663,2036 2778,2034 2893,2034 3007,2034 3122,2034 3236,2034 3351,2034 3466,2036"/>
<TextEquiv>
<Unicode>calomnier la Commission Exécutive par </Unicode>
</TextEquiv>
</TextLine>
<TextLine custom="readingOrder {index:11;}" id="r1l12">
<Coords points="1160,2233 1175,2233 1187,2221 1190,2221 1193,2224 1199,2224 1202,2221 1206,2218 1215,2218 1218,2221 1227,2221 1230,2218 1239,2218 1251,2230 1272,2230 1284,2218 1290,2218 1293,2221 1296,2221 1299,2224 1302,2224 1305,2221 1317,2221 1320,2218 1338,2218 1341,2221 1344,2221 1350,2215 1353,2215 1356,2218 1359,2218 1380,2239 1389,2239 1392,2242 1395,2242 1398,2245 1407,2245 1422,2230 1426,2230 1429,2227 1432,2230 1444,2230 1447,2233 1465,2233 1468,2236 1471,2236 1492,2215 1507,2215 1510,2218 1531,2218 1552,2239 1561,2239 1564,2236 1570,2236 1573,2239 1582,2239 1603,2218 1606,2218 1612,2224 1624,2224 1627,2227 1639,2227 1642,2224 1646,2221 1649,2218 1652,2218 1658,2224 1670,2224 1673,2221 1679,2221 1682,2218 1691,2227 1697,2227 1700,2224 1703,2224 1709,2218 1724,2218 1727,2221 1730,2218 1733,2218 1736,2221 1739,2221 1742,2224 1745,2224 1748,2221 1751,2221 1754,2218 1757,2218 1766,2209 1778,2209 1781,2212 1784,2212 1787,2215 1820,2215 1823,2212 1829,2212 1832,2215 1850,2215 1853,2212 1859,2218 1862,2218 1866,2215 1875,2215 1887,2227 1902,2227 1920,2209 1923,2212 1926,2212 1932,2218 1935,2218 1944,2209 1953,2209 1956,2212 1959,2212 1962,2209 1995,2209 1998,2206 2010,2206 2013,2209 2019,2209 2040,2230 2046,2230 2052,2224 2058,2224 2061,2221 2073,2221 2079,2215 2089,2215 2092,2218 2098,2218 2146,2266 2149,2266 2152,2269 2155,2269 2161,2275 2164,2275 2167,2272 2173,2272 2176,2275 2179,2275 2188,2266 2194,2266 2197,2263 2209,2263 2215,2257 2230,2257 2242,2245 2251,2245 2257,2239 2260,2239 2263,2236 2266,2236 2284,2218 2287,2218 2296,2209 2306,2209 2312,2215 2315,2215 2327,2227 2330,2227 2339,2236 2345,2236 2348,2233 2363,2233 2369,2227 2372,2227 2381,2218 2384,2218 2387,2215 2390,2215 2393,2212 2399,2212 2411,2200 2417,2200 2426,2209 2459,2209 2465,2215 2471,2215 2480,2224 2486,2224 2489,2221 2498,2221 2504,2227 2507,2224 2513,2224 2519,2218 2523,2215 2526,2212 2535,2212 2544,2203 2547,2203 2550,2206 2559,2206 2562,2209 2574,2209 2577,2206 2583,2212 2607,2212 2610,2209 2613,2209 2619,2203 2625,2209 2628,2209 2637,2200 2640,2200 2643,2203 2652,2203 2655,2200 2658,2200 2661,2203 2667,2203 2670,2206 2679,2206 2682,2209 2685,2209 2691,2215 2694,2215 2697,2212 2703,2212 2706,2209 2718,2209 2739,2230 2743,2233 2755,2233 2761,2227 2782,2227 2788,2221 2791,2221 2800,2230 2806,2230 2830,2206 2833,2206 2836,2203 2839,2206 2842,2206 2845,2203 2851,2203 2854,2206 2857,2203 2863,2203 2866,2200 2881,2200 2887,2206 2902,2206 2905,2203 2908,2203 2911,2206 2914,2206 2917,2209 2929,2209 2935,2203 2947,2203 2953,2197 2969,2197 2972,2194 2975,2197 2978,2197 2981,2194 2996,2194 3002,2200 3014,2200 3017,2203 3026,2203 3029,2206 3032,2203 3047,2203 3056,2194 3059,2197 3065,2197 3068,2194 3071,2197 3074,2194 3077,2197 3083,2197 3086,2194 3092,2194 3095,2197 3098,2197 3101,2194 3122,2194 3125,2197 3137,2197 3152,2212 3176,2212 3180,2209 3192,2209 3195,2212 3201,2212 3216,2197 3237,2218 3255,2218 3258,2215 3267,2215 3279,2203 3288,2203 3294,2209 3297,2206 3321,2206 3324,2209 3327,2209 3330,2212 3333,2212 3351,2194 3378,2194 3378,2067 3363,2067 3360,2070 3354,2070 3351,2067 3348,2070 3333,2070 3327,2064 3324,2064 3321,2061 3315,2061 3312,2064 3306,2064 3303,2061 3285,2079 3282,2083 3270,2095 3267,2095 3264,2098 3255,2098 3252,2101 3249,2101 3246,2104 3243,2104 3237,2110 3234,2110 3225,2119 3219,2119 3207,2131 3201,2131 3198,2134 3195,2134 3192,2137 3158,2137 3155,2134 3152,2134 3149,2137 3146,2134 3128,2134 3125,2131 3116,2131 3083,2098 3077,2098 3068,2089 3065,2092 3062,2092 3053,2083 3050,2079 3032,2079 3029,2083 3020,2092 2999,2092 2996,2095 2990,2089 2984,2089 2981,2086 2972,2086 2966,2092 2963,2092 2960,2095 2956,2098 2950,2098 2947,2101 2941,2101 2938,2104 2932,2104 2917,2119 2914,2119 2911,2122 2899,2122 2866,2155 2854,2155 2830,2131 2821,2131 2818,2128 2815,2131 2809,2131 2782,2104 2773,2104 2752,2083 2743,2083 2739,2086 2730,2095 2724,2095 2712,2083 2709,2079 2685,2055 2676,2055 2655,2034 2649,2034 2646,2031 2640,2031 2637,2034 2634,2034 2625,2043 2619,2043 2601,2061 2586,2061 2583,2064 2580,2064 2577,2067 2574,2067 2571,2070 2568,2070 2562,2076 2556,2070 2547,2079 2544,2083 2538,2089 2532,2089 2526,2083 2504,2083 2501,2079 2495,2073 2492,2073 2477,2058 2474,2058 2471,2055 2468,2055 2462,2049 2459,2049 2450,2058 2447,2058 2438,2067 2435,2067 2426,2076 2411,2076 2408,2079 2405,2083 2378,2110 2375,2110 2369,2116 2357,2116 2354,2113 2348,2119 2342,2119 2339,2116 2333,2116 2324,2125 2306,2125 2303,2122 2299,2119 2287,2119 2284,2122 2272,2122 2269,2125 2266,2125 2260,2119 2251,2119 2215,2083 2197,2083 2191,2089 2179,2089 2173,2083 2170,2083 2167,2079 2164,2076 2149,2076 2146,2079 2143,2083 2137,2089 2119,2089 2086,2122 2073,2122 2058,2137 2052,2137 2049,2140 2043,2140 2040,2143 2037,2140 2028,2140 2025,2137 2022,2140 2016,2140 2013,2143 2004,2143 1962,2101 1947,2101 1941,2095 1923,2113 1893,2113 1869,2089 1844,2089 1838,2083 1835,2079 1820,2064 1802,2064 1796,2070 1793,2070 1790,2073 1784,2073 1778,2079 1775,2083 1772,2086 1769,2086 1757,2098 1751,2098 1727,2122 1718,2122 1715,2125 1703,2125 1697,2131 1694,2131 1679,2146 1676,2146 1661,2161 1655,2161 1652,2158 1646,2158 1642,2155 1639,2155 1636,2152 1603,2152 1594,2161 1576,2143 1564,2143 1561,2140 1558,2140 1549,2149 1531,2149 1528,2146 1519,2146 1516,2143 1495,2143 1492,2140 1483,2140 1480,2143 1477,2140 1471,2146 1468,2146 1462,2152 1459,2152 1456,2155 1450,2155 1444,2149 1441,2149 1438,2146 1432,2146 1426,2140 1422,2137 1416,2131 1410,2131 1404,2125 1401,2125 1398,2122 1386,2122 1362,2098 1347,2098 1344,2095 1332,2107 1323,2107 1317,2113 1311,2113 1299,2125 1287,2125 1272,2140 1269,2140 1260,2149 1221,2149 1218,2152 1212,2152 1206,2158 1202,2161 1199,2161 1196,2158 1193,2158 1181,2146 1160,2146"/>
<Baseline points="1174,2216 1283,2214 1392,2209 1502,2206 1611,2204 1721,2202 1830,2200 1939,2198 2049,2198 2158,2196 2268,2196 2377,2194 2486,2192 2596,2192 2705,2190 2815,2189 2924,2188 3033,2186 3143,2184 3252,2180 3362,2178"/>
<TextEquiv>
<Unicode>derrière,il est assez lâche de se dérober</Unicode>
</TextEquiv>
</TextLine>
<TextLine custom="readingOrder {index:12;}" id="r1l13">
<Coords points="1181,2381 1199,2381 1202,2378 1215,2378 1218,2381 1221,2381 1224,2384 1227,2384 1239,2372 1248,2372 1251,2369 1257,2369 1260,2372 1266,2372 1275,2381 1278,2381 1287,2372 1296,2372 1299,2369 1308,2378 1311,2378 1320,2369 1329,2369 1332,2366 1335,2366 1341,2372 1347,2372 1350,2369 1356,2369 1365,2378 1374,2378 1383,2387 1398,2387 1401,2384 1407,2384 1410,2387 1416,2387 1419,2384 1429,2384 1432,2387 1441,2387 1459,2369 1462,2369 1471,2360 1483,2360 1489,2366 1495,2366 1498,2369 1513,2369 1522,2360 1525,2360 1528,2363 1531,2363 1534,2366 1537,2366 1540,2369 1546,2369 1555,2360 1564,2360 1579,2375 1585,2375 1588,2378 1591,2378 1594,2381 1597,2381 1609,2393 1630,2393 1636,2387 1642,2387 1646,2384 1652,2384 1658,2378 1670,2378 1682,2390 1685,2387 1715,2387 1721,2381 1727,2381 1748,2360 1760,2360 1763,2363 1781,2363 1793,2375 1796,2375 1799,2378 1820,2378 1823,2381 1838,2381 1841,2378 1844,2378 1853,2369 1862,2369 1866,2366 1869,2363 1872,2363 1875,2366 1878,2366 1896,2384 1902,2384 1905,2381 1911,2381 1917,2387 1920,2387 1938,2405 1947,2405 1959,2393 1962,2393 1977,2378 2052,2378 2067,2363 2073,2363 2076,2360 2092,2360 2095,2363 2098,2363 2107,2354 2119,2354 2122,2357 2152,2357 2161,2366 2164,2363 2173,2372 2179,2366 2185,2366 2191,2360 2194,2360 2200,2366 2209,2366 2215,2360 2230,2360 2233,2357 2245,2357 2248,2360 2260,2360 2266,2354 2287,2354 2290,2357 2293,2357 2296,2354 2299,2357 2303,2357 2306,2360 2327,2360 2330,2363 2342,2363 2351,2354 2357,2354 2360,2357 2366,2357 2378,2369 2384,2369 2390,2375 2435,2375 2456,2354 2471,2354 2495,2378 2498,2378 2513,2393 2529,2393 2535,2399 2538,2399 2541,2396 2547,2396 2562,2381 2565,2384 2571,2378 2574,2378 2580,2372 2583,2372 2586,2369 2607,2369 2613,2363 2616,2366 2619,2366 2622,2369 2631,2369 2637,2363 2640,2366 2652,2366 2655,2363 2682,2363 2685,2360 2691,2366 2694,2363 2697,2363 2700,2360 2709,2360 2712,2363 2718,2363 2724,2357 2749,2357 2752,2360 2761,2360 2767,2354 2770,2354 2785,2369 2788,2369 2791,2366 2794,2366 2800,2372 2803,2372 2827,2348 2836,2348 2842,2354 2857,2354 2860,2351 2863,2351 2872,2360 2875,2360 2878,2363 2881,2360 2884,2360 2887,2357 2890,2357 2896,2351 2902,2357 2929,2357 2932,2354 2935,2354 2938,2357 2944,2357 2947,2360 2953,2360 2956,2363 2960,2366 2975,2366 2978,2369 2987,2369 2990,2366 2993,2366 2996,2363 3005,2363 3008,2360 3014,2360 3020,2366 3032,2366 3035,2363 3053,2363 3056,2366 3080,2366 3083,2363 3128,2363 3134,2357 3137,2357 3146,2348 3155,2348 3158,2345 3161,2345 3164,2348 3167,2345 3173,2345 3176,2348 3180,2351 3189,2360 3204,2360 3216,2348 3225,2348 3234,2357 3237,2357 3243,2351 3264,2351 3267,2348 3282,2348 3285,2351 3303,2351 3315,2363 3318,2363 3330,2351 3342,2351 3345,2348 3351,2348 3354,2345 3400,2345 3406,2351 3421,2351 3421,2224 3406,2224 3400,2230 3393,2230 3384,2239 3363,2239 3360,2242 3345,2242 3342,2239 3327,2239 3315,2227 3312,2227 3300,2215 3288,2215 3273,2230 3270,2230 3255,2245 3243,2245 3234,2254 3231,2254 3219,2266 3213,2266 3210,2263 3204,2263 3183,2284 3180,2284 3176,2287 3167,2287 3164,2284 3155,2284 3152,2287 3143,2287 3140,2284 3131,2284 3125,2278 3122,2278 3116,2272 3107,2272 3104,2275 3101,2275 3098,2278 3095,2278 3092,2275 3080,2275 3062,2257 3059,2257 3056,2254 3047,2254 3038,2263 3035,2263 3029,2269 3020,2269 3017,2272 3008,2272 3005,2275 3002,2275 2999,2272 2993,2278 2990,2275 2984,2275 2981,2272 2978,2272 2972,2266 2963,2266 2960,2269 2956,2269 2950,2263 2941,2263 2938,2260 2935,2260 2932,2263 2926,2257 2923,2257 2908,2242 2887,2242 2884,2245 2878,2245 2872,2239 2869,2239 2866,2236 2860,2236 2857,2233 2851,2233 2845,2227 2842,2227 2839,2230 2836,2230 2833,2233 2830,2230 2827,2230 2821,2236 2806,2236 2791,2221 2788,2221 2782,2227 2761,2227 2755,2233 2752,2233 2749,2236 2746,2236 2743,2233 2739,2230 2727,2218 2718,2218 2715,2221 2697,2221 2685,2209 2682,2209 2679,2206 2670,2206 2667,2203 2661,2203 2658,2200 2649,2209 2643,2209 2640,2212 2637,2212 2634,2215 2631,2215 2625,2221 2622,2221 2607,2236 2601,2236 2598,2239 2580,2239 2574,2245 2571,2245 2541,2215 2535,2215 2523,2227 2519,2230 2507,2242 2504,2242 2477,2269 2471,2269 2462,2278 2456,2278 2444,2290 2435,2290 2372,2227 2369,2227 2363,2233 2357,2233 2333,2257 2330,2257 2327,2260 2315,2260 2306,2251 2293,2251 2290,2248 2272,2266 2266,2260 2260,2260 2239,2281 2236,2281 2233,2284 2227,2284 2206,2263 2197,2263 2194,2266 2188,2266 2179,2275 2176,2275 2173,2272 2167,2272 2158,2281 2149,2281 2146,2284 2143,2284 2131,2272 2128,2272 2125,2275 2116,2275 2113,2272 2104,2272 2083,2251 2079,2248 2076,2248 2070,2242 2064,2242 2055,2233 2052,2233 2037,2248 2031,2248 1995,2284 1980,2284 1977,2287 1968,2287 1962,2281 1959,2281 1956,2278 1950,2284 1947,2284 1944,2287 1935,2287 1932,2284 1923,2284 1917,2278 1902,2278 1896,2272 1890,2272 1884,2266 1881,2266 1875,2272 1869,2272 1866,2269 1862,2269 1853,2260 1850,2263 1847,2263 1844,2260 1841,2260 1838,2257 1835,2257 1826,2248 1820,2248 1811,2239 1799,2239 1796,2236 1787,2236 1784,2239 1781,2239 1778,2236 1775,2236 1772,2239 1766,2239 1763,2236 1751,2248 1748,2248 1700,2296 1685,2296 1682,2293 1633,2293 1627,2287 1624,2287 1621,2284 1618,2284 1612,2278 1594,2278 1591,2281 1585,2275 1573,2275 1534,2236 1531,2236 1516,2221 1513,2221 1507,2215 1492,2215 1471,2236 1468,2236 1453,2251 1450,2251 1444,2257 1429,2257 1426,2260 1422,2263 1419,2266 1413,2266 1407,2260 1401,2266 1359,2266 1353,2272 1344,2272 1332,2284 1323,2284 1308,2299 1305,2299 1302,2303 1296,2303 1293,2299 1284,2299 1281,2303 1257,2303 1254,2306 1251,2306 1245,2312 1242,2312 1239,2309 1209,2309 1206,2306 1181,2306"/>
<Baseline points="1196,2372 1306,2366 1417,2360 1527,2356 1638,2354 1748,2350 1859,2348 1969,2346 2080,2344 2190,2342 2301,2342 2411,2340 2522,2340 2632,2338 2743,2338 2853,2338 2964,2336 3074,2336 3185,2334 3295,2334 3406,2332"/>
<TextEquiv>
<Unicode>à elle de ne pas se défendre à cette </Unicode>
</TextEquiv>
</TextLine>
<TextLine custom="readingOrder {index:13;}" id="r1l14">
<Coords points="1157,2547 1172,2547 1175,2550 1178,2547 1184,2553 1199,2553 1202,2550 1206,2547 1215,2538 1224,2538 1227,2535 1230,2535 1233,2532 1239,2532 1242,2529 1251,2529 1254,2532 1266,2532 1275,2523 1278,2519 1284,2513 1293,2513 1299,2519 1308,2510 1314,2510 1323,2519 1326,2523 1341,2523 1344,2519 1350,2519 1356,2513 1368,2513 1371,2510 1401,2510 1404,2507 1419,2507 1422,2510 1429,2510 1432,2513 1450,2513 1453,2510 1471,2510 1474,2513 1498,2513 1504,2507 1510,2507 1519,2516 1522,2516 1531,2507 1540,2507 1543,2504 1570,2504 1576,2510 1585,2510 1591,2504 1603,2516 1627,2516 1639,2504 1670,2504 1679,2513 1697,2513 1700,2510 1709,2510 1712,2507 1736,2507 1736,2417 1721,2417 1718,2414 1706,2414 1676,2384 1673,2384 1670,2381 1667,2384 1646,2384 1642,2387 1636,2387 1630,2393 1609,2393 1597,2405 1588,2405 1585,2408 1570,2408 1564,2402 1549,2402 1522,2375 1504,2375 1495,2366 1489,2366 1483,2360 1471,2360 1462,2369 1459,2369 1441,2387 1432,2387 1429,2384 1419,2384 1416,2387 1410,2387 1407,2384 1401,2384 1398,2387 1383,2387 1374,2378 1353,2378 1347,2384 1341,2384 1338,2387 1332,2387 1323,2396 1317,2396 1302,2411 1299,2411 1296,2408 1293,2411 1287,2411 1281,2405 1272,2405 1269,2408 1263,2408 1260,2411 1245,2411 1242,2414 1239,2411 1230,2411 1227,2414 1221,2408 1184,2408 1172,2396 1157,2396"/>
<Baseline points="1172,2500 1199,2502 1226,2502 1254,2502 1281,2500 1309,2500 1336,2500 1363,2498 1391,2497 1418,2496 1446,2495 1473,2494 1500,2493 1528,2492 1555,2492 1583,2492 1610,2492 1637,2493 1665,2495 1692,2496 1720,2498"/>
<TextEquiv>
<Unicode>tribune.</Unicode>
</TextEquiv>
</TextLine>
<TextLine custom="readingOrder {index:14;} textStyle {offset:4; length:1;fontSize:0.0; kerning:0; superscript:true;} person {offset:6; length:8;}" id="r1l15">
<Coords points="1682,2652 1697,2652 1700,2655 1709,2655 1712,2652 1715,2652 1718,2649 1721,2649 1733,2661 1736,2658 1742,2658 1760,2676 1775,2676 1778,2673 1793,2673 1802,2664 1814,2664 1817,2661 1826,2661 1829,2664 1835,2664 1838,2667 1841,2667 1847,2673 1856,2673 1859,2670 1862,2670 1866,2667 1872,2661 1878,2661 1881,2664 1890,2655 1908,2655 1911,2658 1920,2649 1926,2649 1932,2655 1935,2652 1941,2658 1953,2646 1956,2646 1959,2643 1968,2652 1977,2652 1980,2649 2004,2673 2007,2670 2043,2670 2046,2673 2052,2667 2055,2667 2061,2661 2067,2661 2070,2664 2089,2664 2107,2646 2116,2646 2119,2643 2125,2643 2146,2664 2155,2664 2158,2661 2164,2661 2173,2652 2188,2652 2191,2649 2197,2649 2200,2646 2206,2646 2209,2643 2212,2646 2218,2646 2221,2649 2224,2649 2227,2646 2236,2646 2239,2643 2245,2643 2248,2646 2251,2646 2257,2652 2284,2652 2287,2649 2290,2649 2293,2646 2299,2646 2303,2643 2306,2640 2309,2640 2318,2649 2327,2649 2330,2646 2348,2646 2351,2643 2357,2643 2360,2640 2366,2646 2369,2646 2372,2649 2378,2649 2387,2658 2405,2658 2408,2655 2411,2658 2423,2658 2426,2655 2444,2655 2450,2661 2468,2661 2471,2664 2477,2664 2480,2667 2483,2667 2489,2661 2492,2661 2495,2664 2504,2655 2532,2655 2535,2652 2562,2652 2568,2658 2571,2658 2583,2670 2589,2670 2592,2673 2601,2673 2616,2658 2619,2658 2622,2661 2643,2661 2646,2664 2649,2664 2658,2655 2685,2655 2688,2652 2694,2652 2709,2667 2712,2667 2721,2676 2724,2676 2727,2673 2730,2673 2733,2670 2736,2670 2739,2673 2749,2673 2776,2700 2779,2697 2785,2697 2788,2700 2794,2700 2809,2715 2812,2715 2818,2721 2827,2712 2830,2712 2839,2703 2842,2703 2845,2700 2851,2700 2854,2703 2863,2703 2866,2706 2872,2706 2875,2703 2878,2703 2884,2697 2893,2697 2899,2691 2908,2691 2920,2679 2929,2679 2932,2676 2947,2676 2950,2673 2953,2673 2956,2676 2960,2679 2984,2703 2990,2703 2996,2709 3002,2709 3008,2703 3020,2703 3038,2685 3041,2685 3044,2682 3047,2682 3050,2679 3053,2679 3077,2655 3083,2655 3095,2643 3113,2643 3116,2646 3125,2646 3128,2649 3158,2649 3164,2643 3189,2643 3192,2646 3207,2646 3213,2652 3219,2652 3231,2640 3237,2640 3240,2637 3249,2637 3258,2646 3264,2646 3267,2643 3279,2643 3282,2646 3288,2646 3294,2652 3303,2652 3306,2655 3318,2655 3321,2652 3327,2652 3333,2646 3351,2646 3354,2643 3378,2643 3378,2529 3330,2529 3327,2532 3318,2532 3300,2550 3285,2550 3273,2538 3270,2538 3261,2547 3252,2547 3234,2529 3231,2532 3228,2532 3225,2535 3216,2535 3207,2526 3180,2526 3176,2523 3173,2519 3146,2492 3131,2507 3128,2507 3125,2510 3122,2510 3119,2513 3095,2513 3089,2507 3083,2507 3080,2510 3077,2510 3071,2516 3068,2516 3065,2519 3062,2523 3047,2523 3044,2526 3041,2523 3029,2523 3026,2519 3008,2501 3002,2501 2996,2495 2987,2495 2984,2492 2972,2492 2966,2498 2960,2498 2956,2501 2941,2516 2938,2516 2935,2519 2932,2523 2929,2519 2926,2516 2920,2516 2917,2519 2914,2523 2905,2523 2902,2519 2899,2516 2881,2516 2878,2519 2869,2519 2866,2516 2863,2516 2860,2513 2854,2513 2851,2516 2848,2516 2845,2519 2839,2519 2830,2510 2821,2510 2806,2495 2803,2498 2797,2498 2794,2495 2788,2495 2785,2498 2776,2498 2767,2507 2764,2507 2755,2498 2746,2498 2743,2495 2739,2492 2733,2498 2730,2498 2724,2492 2715,2492 2712,2495 2697,2495 2694,2498 2691,2498 2685,2492 2682,2492 2664,2510 2661,2510 2652,2519 2649,2523 2634,2538 2619,2538 2613,2544 2583,2544 2559,2568 2529,2568 2526,2565 2513,2565 2507,2559 2504,2562 2498,2556 2495,2559 2492,2556 2489,2556 2486,2553 2480,2553 2477,2556 2471,2556 2468,2559 2465,2559 2456,2568 2441,2568 2426,2553 2423,2553 2420,2550 2411,2559 2399,2559 2396,2562 2390,2562 2387,2565 2378,2565 2375,2568 2372,2568 2369,2565 2363,2565 2345,2547 2342,2547 2336,2541 2333,2541 2330,2544 2327,2544 2324,2547 2318,2547 2312,2541 2293,2541 2275,2523 2272,2519 2260,2507 2254,2507 2251,2504 2248,2504 2242,2498 2239,2498 2236,2495 2233,2498 2230,2498 2227,2495 2218,2495 2215,2498 2206,2498 2203,2495 2176,2495 2173,2498 2161,2498 2158,2501 2149,2501 2146,2498 2116,2498 2101,2513 2079,2513 2073,2507 2070,2507 2067,2504 2058,2504 2052,2510 2049,2510 2040,2501 2028,2501 2025,2498 2022,2498 2007,2513 2004,2513 1998,2519 1995,2523 1992,2523 1971,2544 1965,2544 1944,2523 1941,2526 1935,2526 1932,2523 1929,2519 1884,2474 1878,2474 1872,2468 1869,2468 1866,2465 1862,2462 1835,2435 1796,2435 1787,2444 1775,2444 1760,2459 1745,2459 1742,2456 1736,2462 1733,2459 1718,2459 1712,2453 1697,2468 1682,2468"/>
<Baseline points="1698,2630 1781,2626 1864,2624 1947,2624 2030,2622 2114,2622 2197,2623 2280,2624 2363,2624 2446,2626 2530,2627 2613,2628 2696,2628 2779,2630 2862,2630 2946,2630 3029,2628 3112,2627 3195,2626 3278,2622 3362,2618"/>
<TextEquiv>
<Unicode>Le né Monneret propose </Unicode>
</TextEquiv>
</TextLine>
<TextLine custom="readingOrder {index:15;}" id="r1l16">
<Coords points="1154,2779 1169,2779 1172,2776 1175,2776 1178,2779 1181,2776 1184,2776 1202,2794 1206,2797 1209,2800 1215,2800 1218,2797 1239,2797 1242,2800 1266,2800 1272,2806 1290,2806 1296,2800 1323,2800 1326,2797 1335,2797 1344,2806 1362,2806 1368,2800 1377,2800 1380,2797 1383,2797 1386,2800 1404,2800 1407,2803 1410,2803 1413,2800 1422,2800 1426,2803 1435,2812 1441,2812 1447,2806 1450,2806 1456,2800 1459,2800 1465,2806 1474,2806 1480,2800 1495,2800 1501,2806 1519,2806 1522,2803 1525,2803 1528,2806 1531,2806 1534,2809 1537,2806 1540,2809 1543,2806 1546,2806 1549,2803 1552,2803 1555,2806 1558,2803 1567,2803 1585,2821 1591,2821 1594,2824 1597,2824 1600,2821 1603,2824 1606,2821 1609,2821 1627,2803 1633,2803 1636,2800 1642,2800 1646,2797 1652,2797 1655,2794 1664,2794 1667,2797 1682,2797 1697,2812 1700,2812 1703,2809 1706,2809 1715,2800 1730,2800 1733,2803 1751,2803 1754,2806 1757,2806 1760,2803 1763,2803 1766,2806 1778,2806 1784,2812 1790,2812 1793,2809 1820,2809 1823,2812 1829,2812 1844,2797 1859,2797 1862,2800 1866,2800 1869,2797 1872,2800 1875,2797 1881,2797 1884,2800 1887,2797 1893,2803 1899,2803 1905,2797 1911,2797 1920,2806 1926,2806 1929,2809 1935,2803 1941,2803 1947,2797 1953,2797 1959,2803 1968,2803 1971,2806 1974,2806 1977,2803 1980,2803 1989,2812 1995,2812 2004,2803 2007,2806 2010,2803 2016,2803 2022,2809 2028,2809 2040,2797 2046,2797 2064,2815 2076,2815 2079,2818 2092,2818 2101,2809 2107,2815 2116,2815 2119,2812 2134,2812 2137,2815 2152,2815 2155,2812 2170,2812 2173,2809 2176,2809 2188,2797 2194,2797 2200,2803 2209,2803 2215,2809 2221,2809 2233,2797 2239,2803 2242,2803 2248,2797 2272,2797 2278,2803 2281,2803 2284,2806 2290,2800 2293,2800 2296,2797 2306,2797 2312,2803 2318,2803 2330,2815 2339,2815 2357,2797 2360,2797 2363,2800 2372,2800 2375,2797 2384,2797 2390,2803 2393,2800 2396,2803 2402,2803 2405,2800 2408,2800 2411,2803 2414,2800 2423,2800 2426,2803 2429,2803 2432,2806 2441,2806 2444,2809 2447,2809 2453,2815 2462,2815 2465,2818 2468,2818 2474,2824 2504,2824 2510,2830 2529,2830 2532,2833 2535,2830 2553,2830 2556,2833 2568,2833 2574,2827 2577,2827 2580,2824 2583,2824 2586,2827 2598,2827 2601,2830 2607,2824 2631,2824 2649,2806 2661,2806 2664,2803 2673,2803 2676,2806 2679,2806 2682,2803 2691,2812 2694,2809 2700,2815 2727,2815 2733,2809 2736,2809 2739,2806 2743,2803 2746,2800 2755,2800 2758,2797 2770,2797 2773,2800 2776,2800 2785,2809 2800,2809 2806,2803 2821,2803 2827,2809 2830,2809 2836,2815 2848,2815 2866,2797 2890,2797 2896,2803 2908,2803 2911,2806 2920,2806 2932,2794 2935,2794 2938,2797 2966,2797 2972,2803 2978,2803 2981,2806 2987,2806 2990,2803 2993,2803 2999,2797 3005,2797 3008,2794 3023,2794 3029,2800 3035,2800 3038,2803 3053,2803 3059,2797 3071,2797 3080,2806 3098,2806 3101,2809 3116,2794 3122,2794 3125,2797 3149,2797 3152,2794 3161,2794 3173,2806 3192,2806 3195,2803 3204,2803 3213,2794 3222,2794 3228,2800 3246,2800 3252,2794 3255,2797 3270,2797 3273,2794 3276,2794 3282,2800 3285,2800 3288,2797 3294,2797 3300,2791 3309,2791 3318,2800 3324,2800 3330,2794 3336,2800 3348,2800 3351,2803 3375,2803 3378,2806 3400,2806 3406,2812 3418,2812 3433,2797 3445,2797 3451,2791 3457,2791 3460,2794 3463,2791 3466,2791 3469,2794 3472,2794 3475,2791 3478,2791 3481,2794 3487,2794 3490,2791 3508,2791 3508,2640 3487,2640 3475,2652 3472,2652 3469,2649 3466,2649 3460,2643 3457,2646 3454,2643 3448,2643 3445,2640 3436,2640 3424,2652 3412,2652 3409,2655 3406,2655 3400,2661 3396,2658 3354,2700 3351,2700 3348,2697 3336,2697 3306,2727 3303,2727 3300,2730 3285,2730 3279,2736 3276,2733 3273,2733 3270,2730 3267,2733 3264,2733 3261,2736 3255,2736 3201,2682 3183,2682 3180,2679 3176,2676 3173,2676 3170,2673 3167,2673 3164,2670 3158,2670 3155,2667 3152,2667 3146,2661 3140,2667 3137,2667 3134,2670 3128,2670 3125,2673 3119,2673 3092,2700 3083,2700 3077,2706 3065,2706 3056,2715 3053,2715 3050,2718 3038,2718 3035,2715 3029,2715 3020,2724 3002,2724 2990,2736 2978,2736 2969,2727 2963,2727 2960,2730 2956,2733 2953,2733 2950,2730 2947,2730 2941,2724 2932,2724 2929,2721 2920,2730 2917,2727 2914,2727 2908,2721 2896,2721 2893,2724 2887,2724 2881,2730 2875,2730 2869,2736 2863,2736 2860,2739 2851,2739 2848,2743 2839,2752 2836,2752 2833,2749 2824,2749 2818,2743 2815,2743 2812,2739 2809,2736 2800,2736 2797,2739 2794,2743 2785,2743 2782,2746 2776,2746 2773,2743 2767,2743 2758,2752 2752,2752 2743,2743 2739,2743 2736,2739 2706,2739 2697,2730 2694,2733 2688,2733 2682,2727 2679,2730 2676,2730 2673,2733 2667,2733 2664,2730 2655,2730 2646,2739 2643,2743 2640,2739 2619,2739 2595,2715 2580,2715 2577,2712 2568,2712 2565,2709 2562,2709 2550,2697 2547,2697 2544,2700 2538,2694 2532,2694 2523,2685 2519,2685 2510,2676 2486,2676 2465,2697 2462,2697 2447,2712 2438,2712 2429,2721 2420,2712 2417,2712 2399,2730 2390,2730 2387,2733 2384,2733 2381,2736 2372,2736 2369,2733 2363,2733 2360,2736 2357,2736 2348,2727 2345,2727 2342,2724 2339,2724 2333,2718 2327,2718 2309,2700 2306,2700 2303,2697 2299,2697 2278,2676 2269,2676 2260,2667 2257,2670 2236,2649 2221,2649 2218,2646 2215,2646 2194,2667 2170,2667 2152,2685 2140,2685 2119,2706 2116,2706 2107,2715 2095,2715 2083,2727 2079,2730 2070,2739 2067,2739 2064,2736 2061,2739 2055,2739 2052,2743 2049,2739 2046,2739 2043,2736 2040,2736 2031,2727 2028,2727 2004,2703 2001,2703 1998,2706 1992,2700 1983,2700 1974,2691 1971,2691 1959,2679 1956,2679 1926,2649 1920,2649 1911,2658 1908,2655 1905,2655 1866,2694 1862,2697 1853,2706 1844,2706 1835,2715 1829,2715 1820,2724 1817,2724 1808,2733 1805,2733 1802,2730 1799,2730 1796,2733 1784,2733 1766,2715 1748,2715 1739,2706 1736,2706 1730,2700 1724,2700 1721,2703 1715,2703 1709,2709 1676,2709 1664,2697 1658,2697 1655,2700 1652,2697 1649,2697 1646,2700 1642,2703 1627,2718 1615,2718 1606,2709 1603,2709 1600,2706 1585,2706 1549,2670 1546,2670 1501,2625 1495,2625 1492,2622 1489,2625 1486,2622 1483,2622 1480,2625 1465,2625 1441,2601 1438,2601 1426,2589 1422,2589 1419,2592 1413,2592 1404,2583 1398,2583 1395,2580 1392,2583 1389,2583 1374,2598 1368,2598 1365,2595 1359,2595 1350,2586 1335,2586 1332,2589 1326,2583 1323,2586 1317,2586 1314,2589 1311,2589 1308,2592 1305,2592 1302,2595 1299,2595 1296,2598 1290,2592 1287,2595 1278,2595 1266,2583 1248,2583 1233,2598 1224,2598 1221,2601 1218,2601 1215,2598 1202,2598 1196,2592 1190,2592 1187,2589 1184,2589 1169,2574 1154,2574"/>
<Baseline points="1168,2782 1284,2784 1400,2785 1516,2786 1632,2786 1749,2786 1865,2788 1981,2788 2097,2788 2213,2788 2330,2787 2446,2786 2562,2786 2678,2786 2794,2786 2911,2786 3027,2784 3143,2784 3259,2784 3375,2784 3492,2784"/>
<TextEquiv>
<Unicode>la nomination d'une Commission d'arbi¬</Unicode>
</TextEquiv>
</TextLine>
<TextLine custom="readingOrder {index:16;}" id="r1l17">
<Coords points="1178,2944 1193,2944 1196,2941 1202,2941 1206,2944 1218,2956 1221,2960 1302,3041 1317,3041 1320,3038 1344,3038 1371,3011 1377,3011 1389,2999 1401,2999 1416,2984 1419,2984 1422,2981 1426,2978 1429,2975 1432,2975 1435,2978 1438,2978 1441,2975 1447,2981 1450,2978 1453,2978 1471,2960 1474,2960 1492,2978 1495,2978 1498,2975 1504,2975 1507,2972 1513,2972 1519,2966 1522,2966 1528,2960 1531,2963 1537,2963 1540,2966 1543,2966 1546,2963 1552,2963 1564,2975 1576,2975 1582,2969 1588,2969 1597,2978 1600,2978 1603,2975 1612,2975 1618,2969 1627,2978 1633,2972 1636,2972 1639,2975 1649,2975 1664,2960 1667,2956 1679,2944 1691,2944 1694,2947 1706,2947 1715,2956 1718,2956 1724,2950 1727,2953 1742,2953 1745,2956 1751,2950 1760,2950 1763,2953 1778,2953 1781,2956 1784,2960 1790,2960 1793,2963 1802,2963 1805,2966 1823,2966 1829,2960 1832,2956 1835,2953 1841,2953 1844,2956 1847,2960 1862,2975 1866,2978 1875,2987 1881,2987 1896,3002 1899,3002 1902,2999 1908,2999 1911,2996 1920,2996 1932,2984 1935,2984 1959,2960 1962,2956 1965,2953 1971,2953 1974,2956 1977,2956 1980,2953 1983,2956 1986,2956 1989,2960 1995,2960 1998,2956 2010,2956 2013,2960 2025,2960 2028,2956 2034,2950 2037,2950 2040,2947 2043,2947 2049,2953 2070,2953 2073,2950 2076,2950 2079,2953 2083,2956 2089,2950 2095,2950 2098,2953 2107,2953 2110,2956 2113,2960 2116,2956 2119,2956 2122,2953 2131,2953 2134,2956 2137,2953 2140,2953 2143,2956 2146,2960 2149,2963 2152,2960 2155,2956 2158,2960 2164,2966 2176,2966 2182,2960 2197,2960 2200,2956 2203,2953 2206,2953 2209,2950 2221,2950 2224,2947 2227,2947 2230,2944 2233,2944 2239,2950 2242,2950 2245,2947 2254,2947 2263,2956 2266,2960 2269,2963 2278,2963 2281,2960 2290,2960 2296,2966 2299,2963 2303,2963 2306,2960 2315,2960 2318,2956 2330,2956 2333,2960 2336,2960 2339,2956 2345,2956 2348,2960 2351,2963 2366,2963 2369,2966 2375,2960 2378,2956 2381,2953 2399,2953 2402,2956 2408,2950 2411,2950 2414,2953 2420,2953 2423,2956 2429,2956 2432,2960 2447,2960 2450,2956 2453,2956 2456,2953 2462,2953 2465,2956 2468,2960 2471,2963 2477,2963 2492,2978 2498,2978 2516,2960 2550,2960 2553,2956 2556,2956 2559,2960 2562,2960 2568,2966 2580,2966 2583,2963 2589,2969 2598,2960 2601,2956 2604,2956 2607,2960 2610,2960 2616,2966 2634,2966 2640,2972 2643,2972 2646,2975 2649,2975 2652,2972 2661,2972 2694,3005 2703,3005 2739,2969 2743,2966 2749,2960 2752,2956 2755,2953 2761,2953 2764,2956 2767,2956 2770,2953 2782,2953 2788,2947 2794,2947 2800,2953 2818,2953 2821,2950 2860,2950 2863,2947 2884,2947 2887,2950 2893,2944 2905,2956 2908,2960 2911,2960 2914,2956 2920,2950 2926,2956 2929,2960 2935,2966 2938,2966 2944,2960 2947,2956 2953,2950 2956,2953 2960,2956 2981,2956 2987,2950 3011,2950 3014,2953 3020,2953 3023,2956 3026,2960 3038,2972 3044,2972 3053,2981 3056,2981 3062,2987 3083,2987 3101,3005 3104,3005 3119,3020 3122,3020 3140,3002 3149,3002 3161,2990 3164,2990 3167,2993 3176,2984 3180,2981 3186,2975 3201,2975 3213,2963 3216,2963 3219,2960 3228,2960 3231,2956 3234,2953 3237,2956 3264,2956 3267,2960 3273,2960 3276,2956 3279,2956 3282,2960 3285,2963 3291,2963 3294,2960 3312,2960 3315,2956 3318,2953 3324,2953 3327,2956 3333,2956 3339,2950 3345,2950 3348,2953 3366,2953 3369,2950 3372,2950 3375,2953 3378,2953 3381,2956 3390,2956 3396,2950 3403,2950 3406,2947 3409,2947 3415,2953 3418,2953 3421,2956 3424,2960 3427,2960 3430,2956 3433,2953 3436,2953 3439,2956 3448,2956 3451,2960 3454,2956 3457,2953 3460,2956 3463,2956 3466,2953 3475,2953 3478,2956 3481,2956 3484,2960 3487,2960 3490,2956 3493,2953 3499,2953 3502,2956 3523,2956 3526,2960 3529,2960 3541,2972 3544,2972 3547,2975 3553,2975 3562,2984 3574,2984 3577,2981 3583,2981 3589,2987 3598,2987 3601,2990 3604,2987 3620,2987 3620,2791 3604,2791 3601,2794 3586,2794 3583,2791 3568,2791 3565,2794 3562,2794 3556,2800 3553,2800 3550,2803 3544,2797 3535,2806 3529,2800 3523,2800 3496,2827 3493,2824 3490,2824 3451,2863 3442,2863 3421,2884 3415,2878 3406,2878 3400,2884 3396,2881 3393,2881 3390,2884 3387,2884 3375,2896 3372,2893 3369,2893 3366,2896 3363,2893 3345,2893 3342,2890 3339,2890 3336,2887 3330,2887 3327,2890 3324,2890 3309,2875 3306,2875 3303,2872 3297,2878 3291,2878 3285,2872 3270,2872 3261,2863 3255,2863 3252,2860 3246,2860 3243,2857 3234,2857 3228,2863 3219,2863 3216,2866 3204,2866 3189,2881 3183,2881 3180,2884 3176,2887 3173,2887 3164,2896 3149,2896 3146,2899 3122,2899 3116,2893 3113,2893 3110,2890 3107,2890 3101,2896 3098,2896 3089,2887 3080,2887 3077,2890 3044,2890 3038,2896 3026,2896 3023,2893 3008,2893 3002,2887 2996,2893 2990,2893 2987,2896 2981,2896 2975,2902 2969,2902 2966,2905 2935,2905 2932,2902 2926,2902 2923,2899 2911,2899 2887,2875 2878,2875 2863,2890 2860,2890 2857,2893 2845,2893 2842,2890 2836,2896 2833,2896 2827,2890 2821,2890 2809,2878 2803,2884 2797,2884 2794,2881 2791,2881 2788,2878 2785,2878 2782,2875 2776,2875 2773,2872 2767,2872 2764,2869 2746,2869 2743,2866 2739,2866 2736,2863 2733,2863 2724,2854 2718,2854 2712,2860 2709,2860 2700,2869 2697,2869 2694,2866 2691,2866 2688,2869 2661,2869 2655,2863 2652,2863 2628,2839 2616,2839 2613,2842 2610,2839 2598,2839 2595,2836 2589,2836 2571,2854 2568,2854 2565,2851 2559,2851 2547,2863 2519,2863 2516,2860 2510,2860 2504,2866 2447,2809 2444,2809 2441,2806 2435,2806 2429,2812 2426,2812 2378,2860 2375,2860 2366,2869 2363,2869 2330,2902 2324,2902 2303,2881 2299,2878 2293,2878 2290,2875 2269,2875 2263,2881 2251,2881 2236,2896 2215,2896 2212,2899 2188,2875 2176,2875 2167,2884 2158,2884 2155,2887 2143,2887 2140,2884 2134,2884 2128,2890 2116,2890 2113,2887 2110,2887 2107,2890 2101,2890 2098,2887 2086,2887 2083,2890 2070,2890 2025,2845 2022,2848 2013,2839 2010,2839 2004,2833 2001,2833 1992,2842 1989,2842 1986,2845 1983,2842 1971,2842 1968,2845 1965,2845 1935,2875 1929,2875 1923,2881 1920,2881 1917,2884 1914,2884 1911,2887 1902,2878 1899,2878 1884,2863 1872,2863 1866,2869 1862,2872 1859,2875 1853,2875 1850,2872 1841,2872 1838,2875 1829,2875 1805,2851 1796,2851 1793,2854 1790,2851 1781,2860 1775,2854 1769,2854 1748,2875 1742,2875 1736,2869 1727,2869 1724,2866 1718,2866 1679,2827 1676,2827 1673,2830 1667,2824 1661,2824 1646,2839 1642,2842 1639,2845 1636,2845 1630,2851 1618,2851 1609,2842 1594,2842 1561,2809 1558,2809 1552,2803 1549,2803 1546,2806 1543,2806 1540,2809 1537,2806 1534,2809 1531,2809 1525,2803 1522,2803 1519,2806 1513,2806 1507,2812 1495,2800 1483,2800 1480,2797 1474,2797 1453,2818 1450,2818 1444,2812 1435,2812 1426,2803 1422,2800 1413,2800 1410,2803 1407,2803 1404,2800 1386,2800 1383,2797 1380,2797 1377,2800 1368,2800 1365,2797 1353,2797 1350,2794 1344,2794 1341,2797 1338,2797 1332,2803 1323,2803 1314,2794 1308,2794 1302,2800 1296,2800 1293,2797 1287,2803 1281,2797 1278,2800 1272,2800 1269,2797 1263,2797 1260,2800 1254,2800 1248,2806 1236,2806 1227,2815 1212,2815 1209,2812 1178,2812"/>
<Baseline points="1194,2942 1314,2940 1435,2938 1555,2938 1676,2936 1796,2936 1917,2936 2037,2936 2158,2936 2278,2938 2399,2938 2519,2938 2640,2940 2760,2940 2881,2940 3001,2940 3122,2938 3242,2938 3363,2936 3483,2934 3604,2932"/>
<TextEquiv>
<Unicode>trage de cinq membres, qui compren¬</Unicode>
</TextEquiv>
</TextLine>
<TextLine custom="readingOrder {index:17;} work {offset:10; length:8;} work {offset:21; length:9;} work {offset:33; length:10;}" id="r1l18">
<Coords points="1178,3086 1193,3086 1196,3089 1233,3089 1245,3101 1254,3101 1257,3098 1272,3098 1275,3101 1281,3101 1284,3104 1287,3104 1290,3107 1296,3107 1299,3110 1302,3110 1305,3107 1314,3107 1320,3113 1338,3095 1341,3095 1344,3098 1347,3098 1350,3095 1353,3095 1359,3089 1374,3089 1377,3092 1386,3092 1389,3095 1392,3092 1395,3092 1398,3089 1401,3092 1404,3089 1416,3089 1422,3095 1426,3098 1429,3098 1435,3104 1447,3092 1453,3092 1459,3098 1465,3098 1468,3095 1474,3095 1477,3098 1483,3098 1489,3104 1492,3104 1513,3125 1522,3125 1540,3143 1549,3143 1552,3146 1558,3140 1567,3140 1594,3167 1597,3167 1621,3143 1630,3143 1642,3155 1646,3158 1649,3158 1652,3161 1655,3158 1658,3158 1661,3155 1670,3155 1709,3116 1721,3116 1730,3107 1739,3107 1742,3110 1757,3110 1760,3107 1766,3107 1769,3110 1778,3110 1787,3101 1790,3101 1796,3095 1805,3095 1808,3098 1811,3098 1814,3095 1835,3095 1838,3092 1844,3092 1847,3095 1862,3095 1866,3098 1872,3098 1875,3095 1878,3098 1881,3098 1887,3092 1890,3092 1893,3095 1899,3095 1902,3098 1905,3098 1908,3095 1920,3095 1926,3101 1929,3101 1941,3089 1944,3089 1947,3092 1950,3089 1956,3095 1959,3095 1962,3098 1977,3098 1980,3101 1983,3098 1986,3098 1992,3092 2001,3092 2004,3095 2013,3095 2016,3098 2028,3098 2031,3101 2034,3101 2037,3098 2040,3098 2043,3101 2049,3101 2052,3098 2058,3098 2061,3101 2067,3101 2070,3098 2086,3098 2089,3101 2095,3101 2098,3098 2119,3098 2122,3101 2128,3101 2137,3110 2143,3110 2149,3104 2161,3104 2167,3110 2173,3104 2176,3104 2179,3101 2209,3101 2218,3110 2224,3110 2227,3107 2236,3107 2239,3110 2242,3110 2245,3107 2263,3107 2266,3110 2272,3104 2281,3104 2284,3101 2293,3101 2299,3107 2303,3110 2315,3122 2321,3122 2324,3119 2342,3119 2360,3137 2366,3137 2369,3140 2372,3140 2393,3161 2411,3161 2414,3158 2417,3158 2420,3155 2423,3155 2432,3146 2435,3149 2447,3149 2453,3143 2459,3143 2462,3146 2468,3146 2477,3137 2486,3137 2495,3128 2498,3128 2501,3125 2504,3125 2507,3128 2513,3128 2519,3122 2523,3119 2526,3116 2535,3116 2538,3113 2547,3113 2550,3110 2562,3110 2571,3101 2574,3101 2577,3104 2580,3104 2583,3101 2589,3101 2595,3095 2604,3095 2610,3101 2616,3095 2631,3095 2637,3101 2646,3101 2652,3095 2658,3095 2664,3101 2667,3101 2673,3095 2676,3098 2679,3098 2682,3101 2685,3101 2691,3107 2700,3107 2703,3104 2709,3104 2730,3125 2743,3125 2746,3122 2749,3122 2752,3125 2773,3104 2791,3104 2794,3107 2797,3107 2800,3104 2809,3104 2812,3107 2818,3107 2821,3110 2839,3110 2845,3104 2851,3110 2854,3107 2857,3107 2863,3101 2869,3101 2875,3095 2881,3095 2887,3101 2905,3101 2908,3104 2911,3101 2914,3101 2929,3086 2950,3086 2956,3092 2960,3095 2966,3101 2969,3101 2972,3098 2981,3098 2984,3095 2990,3095 2993,3098 3002,3098 3005,3101 3047,3101 3050,3098 3053,3101 3071,3101 3074,3098 3095,3098 3098,3095 3125,3095 3128,3092 3137,3101 3143,3101 3146,3098 3155,3098 3158,3101 3164,3101 3170,3095 3173,3095 3176,3098 3189,3098 3195,3104 3198,3104 3207,3095 3213,3095 3219,3101 3234,3101 3237,3104 3240,3101 3243,3101 3246,3098 3264,3098 3273,3107 3288,3092 3294,3098 3321,3098 3327,3092 3333,3092 3336,3095 3354,3095 3360,3101 3375,3101 3378,3098 3384,3098 3387,3101 3396,3092 3400,3095 3415,3110 3418,3110 3421,3113 3433,3113 3436,3110 3454,3110 3454,2978 3436,2978 3418,2960 3415,2956 3406,2947 3403,2950 3396,2950 3390,2956 3387,2960 3378,2969 3375,2969 3366,2960 3363,2960 3360,2956 3351,2956 3348,2960 3339,2969 3318,2969 3306,2981 3282,2981 3252,3011 3237,3011 3219,2993 3216,2996 3207,2996 3180,3023 3176,3026 3167,3035 3131,3035 3128,3032 3122,3032 3119,3029 3113,3029 3098,3044 3095,3044 3092,3041 3089,3041 3083,3035 3080,3038 3074,3038 3068,3032 3053,3032 3029,3008 3026,3008 3023,3005 3017,3005 3011,3011 3005,3011 2987,3029 2984,3026 2978,3026 2960,3008 2956,3005 2941,2990 2917,2990 2902,3005 2896,3005 2857,3044 2851,3044 2848,3047 2842,3047 2836,3041 2824,3041 2815,3032 2809,3032 2806,3029 2797,3029 2785,3017 2782,3017 2761,2996 2755,2996 2752,2999 2746,2993 2743,2996 2739,2999 2733,3005 2727,3005 2715,3017 2712,3017 2697,3032 2694,3032 2691,3035 2658,3035 2655,3032 2649,3032 2646,3029 2640,3029 2634,3023 2631,3023 2628,3020 2625,3023 2619,3023 2613,3017 2607,3017 2592,3002 2589,3002 2574,2987 2571,2987 2547,2963 2532,2963 2523,2972 2519,2975 2513,2975 2510,2972 2504,2972 2498,2978 2492,2978 2489,2975 2483,2975 2441,3017 2438,3014 2435,3017 2432,3017 2426,3011 2417,3011 2396,3032 2387,3032 2384,3035 2378,3035 2369,3026 2363,3026 2360,3023 2357,3023 2336,3002 2333,3002 2309,2978 2303,2978 2299,2975 2293,2969 2287,2975 2278,2975 2248,3005 2236,3005 2230,3011 2227,3011 2221,3017 2209,3017 2179,2987 2173,2987 2164,2978 2158,2978 2155,2975 2137,2975 2131,2981 2128,2981 2113,2996 2110,2996 2083,3023 2079,3026 2076,3029 2064,3029 2055,3038 2040,3023 2025,3023 2019,3029 2010,3029 2007,3026 2004,3026 2001,3023 1989,3023 1977,3011 1974,3011 1971,3008 1962,3008 1944,2990 1938,2990 1929,2999 1926,2996 1911,2996 1908,2999 1902,2999 1899,3002 1896,3002 1893,2999 1884,3008 1878,3008 1875,3011 1869,3011 1866,3014 1862,3017 1859,3020 1853,3014 1847,3014 1838,3005 1835,3005 1826,2996 1820,2996 1817,2993 1814,2993 1784,2963 1781,2963 1769,2975 1766,2975 1718,3023 1715,3023 1679,2987 1676,2987 1661,2972 1655,2972 1652,2975 1639,2975 1636,2972 1630,2978 1627,2978 1618,2969 1612,2975 1603,2975 1570,3008 1567,3008 1564,3005 1546,3005 1540,2999 1537,3002 1534,3002 1531,2999 1528,2999 1516,2987 1510,2987 1501,2978 1492,2978 1489,2975 1486,2975 1483,2972 1480,2972 1471,2981 1462,2981 1459,2978 1450,2978 1447,2981 1444,2981 1441,2984 1438,2981 1435,2981 1429,2975 1426,2978 1422,2981 1416,2987 1413,2987 1401,2999 1389,2999 1371,3017 1365,3017 1344,3038 1320,3038 1317,3041 1302,3041 1236,2975 1233,2975 1230,2978 1221,2969 1218,2969 1215,2972 1212,2972 1206,2966 1199,2966 1193,2972 1178,2972"/>
<Baseline points="1192,3078 1304,3078 1416,3078 1528,3078 1641,3078 1753,3080 1865,3080 1978,3082 2090,3082 2202,3082 2315,3084 2427,3084 2539,3084 2651,3086 2764,3086 2876,3086 2988,3084 3101,3084 3213,3082 3325,3082 3438,3080"/>
<TextEquiv>
<Unicode>drait : 2 patrons, 2 ouvriers, 1 conseiller</Unicode>
</TextEquiv>
</TextLine>
<TextLine custom="readingOrder {index:18;}" id="r1l19">
<Coords points="1184,3279 1202,3279 1206,3276 1212,3270 1215,3270 1230,3255 1233,3255 1242,3246 1251,3246 1260,3237 1284,3237 1290,3243 1293,3243 1296,3246 1302,3246 1305,3243 1311,3243 1320,3252 1329,3252 1335,3246 1338,3246 1341,3243 1344,3243 1347,3240 1353,3240 1356,3237 1371,3237 1374,3240 1377,3237 1380,3240 1386,3240 1389,3237 1401,3237 1404,3240 1407,3240 1410,3243 1435,3243 1438,3240 1453,3240 1456,3243 1459,3243 1462,3240 1474,3240 1477,3237 1495,3237 1498,3234 1519,3234 1522,3237 1525,3237 1528,3234 1537,3234 1540,3237 1543,3237 1546,3240 1549,3240 1552,3243 1558,3243 1561,3246 1564,3243 1582,3243 1585,3240 1588,3240 1591,3237 1606,3237 1609,3234 1615,3234 1639,3258 1655,3258 1661,3264 1673,3264 1676,3261 1679,3261 1685,3255 1691,3255 1700,3246 1712,3246 1715,3243 1721,3243 1727,3237 1730,3237 1733,3240 1739,3240 1742,3243 1769,3243 1784,3258 1787,3258 1790,3261 1793,3258 1802,3267 1805,3264 1808,3264 1814,3270 1817,3270 1820,3267 1826,3267 1838,3255 1853,3255 1859,3261 1869,3261 1872,3258 1905,3258 1914,3249 1920,3249 1923,3246 1926,3246 1932,3240 1935,3243 1938,3243 1941,3240 1944,3240 1947,3237 1956,3237 1962,3243 1983,3243 1986,3246 1989,3246 1998,3255 2004,3255 2010,3249 2013,3249 2022,3240 2031,3240 2037,3246 2040,3243 2043,3246 2049,3246 2052,3243 2055,3246 2058,3243 2061,3246 2067,3240 2076,3240 2079,3243 2086,3243 2089,3246 2092,3246 2101,3255 2104,3252 2107,3252 2110,3249 2116,3255 2119,3255 2128,3246 2131,3249 2137,3243 2143,3249 2146,3249 2149,3246 2158,3246 2170,3258 2173,3258 2176,3261 2194,3261 2197,3264 2200,3264 2206,3258 2209,3258 2221,3246 2227,3246 2230,3243 2245,3243 2248,3246 2275,3246 2278,3249 2281,3249 2284,3246 2299,3246 2303,3249 2306,3249 2309,3246 2321,3246 2327,3252 2330,3249 2333,3249 2336,3246 2339,3246 2345,3252 2351,3246 2354,3246 2360,3252 2366,3246 2381,3246 2384,3243 2390,3243 2393,3246 2396,3246 2402,3252 2408,3252 2411,3249 2420,3249 2423,3246 2432,3246 2435,3243 2441,3243 2453,3255 2459,3255 2465,3261 2468,3261 2471,3258 2480,3258 2495,3243 2498,3246 2513,3246 2516,3249 2519,3246 2529,3246 2532,3249 2535,3246 2538,3249 2550,3249 2553,3246 2556,3246 2559,3243 2565,3243 2577,3255 2583,3255 2586,3258 2592,3258 2598,3252 2607,3252 2613,3246 2652,3246 2655,3243 2661,3249 2664,3246 2685,3246 2688,3249 2691,3246 2703,3258 2709,3258 2715,3252 2721,3252 2733,3264 2736,3264 2739,3267 2743,3264 2746,3261 2755,3261 2767,3273 2770,3273 2773,3276 2794,3255 2800,3255 2803,3252 2809,3252 2812,3249 2815,3249 2818,3246 2824,3252 2833,3252 2842,3261 2845,3258 2851,3258 2854,3255 2860,3255 2872,3267 2878,3267 2890,3255 2896,3255 2899,3252 2902,3252 2905,3255 2911,3255 2914,3252 2923,3252 2935,3264 2938,3261 2956,3261 2960,3264 2969,3264 2981,3252 2984,3252 2987,3249 2993,3249 3020,3276 3029,3276 3032,3273 3035,3273 3041,3267 3050,3267 3053,3270 3092,3270 3098,3276 3104,3276 3125,3255 3137,3255 3143,3249 3149,3249 3152,3246 3170,3246 3176,3252 3180,3255 3186,3255 3189,3252 3192,3255 3195,3252 3198,3252 3204,3246 3216,3246 3219,3249 3222,3249 3225,3252 3228,3252 3231,3249 3249,3249 3249,3176 3210,3176 3204,3170 3198,3170 3192,3164 3180,3176 3176,3173 3173,3176 3170,3176 3167,3180 3164,3180 3161,3183 3158,3183 3155,3186 3137,3186 3131,3180 3122,3180 3119,3176 3116,3173 3113,3173 3107,3167 3104,3170 3101,3170 3095,3164 3092,3164 3086,3170 3083,3167 3080,3170 3062,3170 3056,3176 3050,3176 3044,3170 3035,3170 3029,3164 3023,3164 3005,3146 3002,3146 2999,3143 2996,3143 2978,3125 2975,3125 2960,3110 2956,3107 2935,3086 2932,3086 2923,3095 2920,3095 2914,3101 2911,3101 2896,3116 2893,3113 2890,3116 2887,3116 2884,3119 2881,3119 2836,3164 2833,3164 2827,3158 2824,3158 2818,3164 2815,3164 2812,3167 2809,3167 2806,3170 2791,3170 2788,3167 2782,3167 2773,3176 2770,3180 2767,3183 2761,3183 2755,3189 2730,3189 2727,3192 2712,3192 2709,3189 2697,3189 2688,3180 2685,3176 2664,3155 2661,3155 2658,3152 2655,3152 2652,3155 2649,3155 2646,3152 2637,3152 2628,3143 2607,3143 2595,3155 2568,3155 2565,3158 2562,3158 2544,3176 2541,3180 2538,3183 2535,3183 2532,3186 2519,3186 2516,3183 2513,3186 2504,3186 2501,3189 2477,3189 2468,3180 2465,3176 2444,3155 2441,3155 2438,3152 2429,3152 2426,3155 2420,3155 2417,3158 2414,3158 2411,3161 2384,3161 2378,3167 2363,3167 2354,3176 2351,3180 2345,3186 2333,3186 2327,3180 2324,3176 2303,3155 2299,3152 2260,3113 2257,3113 2251,3107 2245,3107 2242,3110 2239,3110 2236,3107 2227,3107 2224,3110 2218,3110 2209,3101 2179,3101 2176,3104 2173,3104 2167,3110 2152,3110 2149,3113 2146,3113 2143,3110 2137,3110 2128,3101 2122,3101 2119,3098 2110,3098 2083,3125 2079,3128 2058,3128 2028,3158 2025,3158 2010,3173 1998,3173 1995,3176 1980,3176 1977,3180 1971,3180 1968,3183 1950,3183 1947,3180 1944,3176 1941,3173 1938,3173 1935,3170 1932,3173 1920,3173 1917,3170 1914,3170 1911,3167 1908,3167 1902,3161 1899,3164 1887,3164 1881,3170 1875,3170 1872,3167 1866,3173 1862,3173 1859,3170 1856,3170 1850,3164 1844,3170 1841,3167 1838,3170 1829,3170 1826,3167 1820,3173 1805,3173 1802,3176 1799,3180 1796,3180 1793,3176 1781,3176 1778,3180 1772,3180 1769,3183 1760,3183 1757,3180 1754,3183 1742,3183 1739,3186 1721,3186 1718,3189 1715,3189 1706,3180 1703,3176 1697,3176 1691,3170 1685,3170 1682,3173 1676,3173 1673,3170 1658,3170 1655,3173 1646,3164 1642,3161 1603,3122 1588,3137 1576,3125 1573,3125 1570,3122 1552,3140 1537,3140 1522,3125 1513,3125 1483,3155 1477,3155 1474,3158 1459,3158 1453,3152 1426,3152 1422,3155 1416,3155 1413,3152 1383,3152 1380,3155 1356,3155 1302,3101 1299,3101 1293,3095 1290,3095 1284,3101 1272,3101 1266,3107 1260,3107 1257,3104 1251,3104 1248,3101 1230,3101 1224,3107 1218,3107 1215,3104 1209,3104 1206,3107 1202,3110 1184,3110"/>
<Baseline points="1198,3228 1299,3226 1401,3226 1503,3226 1605,3226 1707,3226 1808,3226 1910,3228 2012,3229 2114,3230 2216,3232 2317,3234 2419,3234 2521,3236 2623,3236 2725,3238 2826,3238 2928,3236 3030,3235 3132,3234 3234,3230"/>
<TextEquiv>
<Unicode>prud'homme. Elle serait chargée</Unicode>
</TextEquiv>
</TextLine>
<TextLine custom="readingOrder {index:19;}" id="r1l20">
<Coords points="1178,3378 1199,3378 1202,3381 1239,3381 1248,3390 1251,3387 1257,3387 1272,3372 1275,3375 1278,3372 1281,3372 1284,3375 1293,3375 1296,3372 1311,3372 1317,3378 1320,3378 1323,3375 1329,3375 1332,3378 1338,3378 1350,3390 1356,3390 1374,3372 1380,3372 1383,3375 1389,3375 1392,3372 1398,3372 1407,3381 1416,3381 1419,3384 1422,3381 1426,3378 1450,3378 1453,3375 1456,3375 1459,3378 1501,3378 1507,3372 1510,3372 1519,3363 1522,3363 1525,3360 1534,3360 1537,3363 1540,3363 1567,3390 1576,3390 1585,3381 1588,3381 1594,3375 1597,3375 1600,3372 1603,3372 1609,3378 1615,3378 1618,3381 1624,3381 1630,3375 1633,3375 1636,3378 1649,3378 1652,3381 1655,3378 1679,3378 1682,3381 1688,3381 1694,3387 1697,3387 1700,3390 1703,3387 1718,3387 1721,3390 1724,3390 1727,3387 1733,3387 1736,3384 1742,3384 1745,3381 1796,3381 1805,3390 1811,3390 1814,3387 1817,3387 1820,3384 1823,3387 1826,3387 1835,3378 1841,3378 1844,3375 1850,3375 1853,3372 1856,3372 1859,3375 1866,3375 1869,3378 1872,3378 1875,3381 1881,3381 1884,3378 1890,3378 1899,3387 1905,3381 1908,3381 1911,3378 1923,3378 1929,3384 1932,3384 1935,3381 1944,3381 1953,3390 1959,3390 1962,3387 1974,3387 1977,3384 1980,3384 1986,3378 1989,3378 1992,3381 1995,3381 1998,3384 2001,3384 2004,3387 2016,3387 2022,3381 2031,3381 2037,3387 2040,3387 2046,3393 2070,3393 2076,3387 2079,3390 2083,3393 2086,3396 2092,3396 2095,3393 2104,3393 2107,3396 2110,3400 2149,3439 2152,3439 2155,3436 2158,3436 2194,3400 2206,3400 2212,3406 2227,3406 2233,3400 2236,3396 2242,3390 2248,3390 2251,3387 2263,3387 2269,3393 2272,3390 2275,3390 2281,3396 2284,3400 2299,3400 2303,3403 2306,3406 2315,3406 2321,3400 2324,3396 2327,3396 2330,3400 2339,3409 2345,3409 2354,3400 2357,3396 2366,3387 2372,3387 2375,3390 2378,3390 2381,3387 2384,3390 2390,3390 2393,3393 2411,3393 2417,3387 2423,3387 2426,3390 2432,3390 2435,3387 2444,3387 2453,3396 2459,3396 2462,3400 2465,3396 2474,3396 2480,3390 2492,3390 2498,3396 2501,3400 2504,3403 2510,3403 2513,3400 2519,3400 2523,3396 2526,3396 2529,3393 2541,3393 2544,3396 2547,3400 2550,3396 2553,3396 2556,3393 2583,3393 2586,3396 2589,3396 2592,3393 2604,3393 2607,3396 2610,3396 2613,3400 2622,3409 2625,3409 2628,3412 2637,3412 2643,3418 2646,3418 2649,3421 2667,3421 2676,3412 2682,3412 2685,3415 2688,3415 2691,3418 2694,3418 2697,3421 2703,3421 2712,3412 2721,3412 2733,3400 2736,3396 2739,3393 2746,3393 2749,3390 2752,3390 2758,3396 2761,3396 2764,3400 2770,3406 2776,3406 2779,3409 2782,3409 2785,3406 2797,3406 2803,3400 2809,3400 2812,3396 2815,3400 2818,3400 2824,3406 2839,3406 2845,3400 2848,3396 2863,3396 2866,3400 2869,3403 2893,3403 2896,3400 2929,3400 2932,3396 2935,3393 2947,3393 2950,3396 2953,3400 2960,3400 2978,3418 2987,3418 2996,3409 3011,3424 3014,3421 3020,3421 3023,3418 3026,3418 3029,3415 3035,3415 3050,3400 3056,3400 3059,3396 3065,3396 3068,3400 3071,3396 3074,3393 3080,3393 3083,3396 3086,3393 3089,3396 3092,3396 3095,3393 3110,3393 3113,3396 3116,3400 3119,3403 3125,3403 3137,3415 3146,3415 3149,3418 3152,3418 3158,3424 3167,3424 3176,3415 3186,3415 3192,3409 3195,3409 3237,3451 3249,3451 3261,3439 3264,3439 3270,3433 3273,3433 3294,3412 3300,3412 3303,3409 3315,3409 3324,3400 3327,3396 3342,3396 3345,3393 3348,3396 3351,3400 3354,3400 3366,3412 3372,3412 3375,3409 3378,3409 3384,3403 3387,3403 3390,3400 3400,3400 3403,3396 3418,3381 3421,3381 3430,3390 3433,3387 3436,3387 3439,3390 3442,3390 3448,3384 3460,3384 3463,3381 3466,3381 3472,3387 3475,3387 3484,3378 3496,3378 3499,3375 3514,3375 3514,3318 3499,3318 3493,3324 3484,3324 3469,3309 3454,3324 3439,3324 3436,3327 3418,3327 3412,3321 3400,3321 3396,3324 3390,3330 3372,3330 3369,3327 3366,3330 3363,3330 3297,3264 3291,3264 3282,3255 3273,3255 3261,3243 3255,3243 3252,3246 3246,3246 3243,3243 3240,3243 3234,3249 3231,3249 3228,3252 3225,3252 3216,3261 3210,3261 3207,3264 3204,3264 3201,3267 3192,3267 3180,3255 3176,3252 3170,3246 3152,3246 3149,3249 3143,3249 3137,3255 3128,3255 3116,3267 3113,3267 3104,3276 3098,3276 3092,3270 3053,3270 3050,3267 3041,3267 3035,3273 3032,3273 3029,3276 3020,3276 2993,3249 2990,3249 2975,3264 2972,3264 2963,3273 2960,3273 2956,3276 2953,3273 2944,3282 2941,3282 2917,3306 2914,3306 2905,3315 2899,3315 2896,3312 2893,3315 2881,3315 2878,3318 2863,3318 2854,3309 2848,3309 2821,3282 2815,3288 2809,3282 2791,3282 2785,3288 2773,3276 2770,3276 2755,3261 2746,3261 2743,3264 2739,3267 2736,3264 2733,3264 2685,3312 2682,3312 2673,3321 2661,3321 2658,3318 2652,3318 2646,3324 2643,3321 2637,3321 2634,3324 2628,3324 2622,3330 2619,3330 2616,3333 2607,3333 2589,3315 2586,3315 2580,3309 2571,3309 2568,3312 2565,3312 2562,3309 2559,3312 2532,3312 2523,3303 2519,3306 2516,3309 2513,3309 2459,3255 2453,3255 2441,3243 2435,3243 2432,3246 2423,3246 2420,3249 2411,3249 2393,3267 2381,3267 2378,3270 2372,3270 2369,3267 2366,3267 2363,3270 2339,3270 2330,3261 2324,3261 2315,3252 2309,3252 2306,3249 2303,3249 2299,3246 2284,3246 2281,3249 2278,3249 2275,3252 2272,3252 2242,3282 2233,3282 2221,3270 2215,3270 2203,3282 2197,3282 2194,3279 2170,3279 2164,3285 2143,3285 2137,3279 2125,3279 2116,3270 2113,3270 2107,3264 2095,3276 2089,3276 2083,3270 2079,3270 2055,3246 2043,3246 2004,3285 1998,3285 1983,3300 1980,3297 1971,3306 1962,3306 1950,3318 1947,3318 1944,3321 1938,3321 1935,3318 1926,3318 1911,3333 1902,3324 1899,3324 1896,3327 1881,3327 1872,3318 1866,3324 1862,3321 1859,3318 1856,3321 1847,3321 1841,3315 1820,3315 1817,3318 1808,3318 1805,3315 1799,3321 1796,3321 1790,3315 1775,3315 1766,3306 1763,3306 1754,3297 1751,3297 1736,3282 1724,3282 1703,3261 1697,3261 1691,3255 1685,3255 1679,3261 1676,3261 1673,3264 1661,3264 1655,3270 1652,3270 1646,3264 1642,3261 1615,3234 1609,3234 1606,3237 1600,3237 1585,3252 1576,3252 1573,3255 1567,3255 1564,3258 1561,3258 1546,3243 1543,3243 1537,3237 1531,3237 1528,3240 1525,3240 1492,3273 1489,3273 1483,3279 1480,3276 1477,3279 1453,3279 1435,3261 1432,3264 1429,3264 1426,3261 1422,3258 1407,3243 1404,3246 1401,3246 1383,3264 1374,3264 1371,3267 1365,3267 1362,3264 1359,3264 1356,3261 1353,3261 1350,3264 1341,3264 1335,3258 1329,3258 1323,3252 1320,3252 1314,3246 1305,3246 1299,3252 1293,3252 1290,3249 1287,3252 1284,3252 1281,3255 1272,3255 1269,3258 1266,3258 1242,3282 1239,3282 1236,3279 1230,3279 1218,3267 1206,3279 1202,3282 1193,3291 1178,3291"/>
<Baseline points="1192,3366 1307,3366 1422,3366 1538,3366 1653,3366 1769,3368 1884,3370 1999,3372 2115,3373 2230,3374 2346,3376 2461,3378 2576,3379 2692,3380 2807,3380 2923,3382 3038,3380 3153,3380 3269,3378 3384,3376 3500,3374"/>
<TextEquiv>
<Unicode>d'établir un tarif fixe et durable que </Unicode>
</TextEquiv>
</TextLine>
<TextLine custom="readingOrder {index:20;}" id="r1l21">
<Coords points="1160,3532 1178,3532 1181,3529 1202,3529 1206,3532 1209,3529 1221,3529 1227,3523 1233,3523 1236,3520 1242,3526 1266,3526 1269,3529 1278,3529 1287,3538 1299,3538 1302,3541 1305,3541 1311,3535 1314,3535 1323,3526 1332,3526 1338,3532 1344,3532 1350,3538 1353,3535 1362,3535 1374,3547 1377,3547 1380,3544 1386,3544 1395,3535 1398,3535 1401,3532 1404,3532 1407,3535 1410,3535 1416,3541 1422,3541 1426,3538 1429,3538 1435,3532 1438,3532 1447,3523 1450,3523 1453,3526 1456,3526 1459,3529 1465,3529 1468,3526 1480,3526 1483,3529 1486,3526 1498,3526 1501,3523 1507,3529 1510,3529 1513,3526 1522,3526 1525,3529 1528,3529 1543,3544 1552,3544 1555,3547 1558,3547 1561,3550 1570,3550 1576,3556 1579,3556 1585,3562 1597,3562 1609,3550 1615,3550 1618,3547 1630,3547 1642,3535 1646,3532 1649,3529 1652,3532 1658,3532 1664,3526 1697,3526 1700,3529 1703,3526 1709,3526 1730,3547 1745,3547 1760,3532 1766,3532 1769,3535 1775,3535 1778,3538 1790,3538 1793,3541 1796,3541 1799,3538 1805,3538 1814,3529 1817,3529 1820,3526 1841,3526 1847,3532 1850,3532 1856,3526 1859,3529 1862,3529 1866,3532 1872,3538 1875,3538 1884,3547 1890,3547 1899,3556 1905,3556 1923,3538 1929,3538 1932,3535 1938,3535 1941,3538 1944,3538 1950,3544 1953,3541 1959,3541 1962,3538 1974,3550 1980,3550 1986,3544 1992,3544 2004,3532 2025,3532 2028,3535 2040,3535 2043,3532 2076,3532 2079,3535 2083,3535 2086,3532 2095,3532 2098,3529 2116,3529 2122,3535 2125,3535 2128,3538 2134,3538 2137,3535 2140,3535 2155,3550 2161,3550 2167,3556 2173,3556 2179,3562 2182,3562 2185,3565 2203,3565 2206,3562 2212,3562 2218,3568 2230,3568 2254,3592 2260,3592 2263,3589 2266,3589 2275,3580 2284,3580 2296,3568 2299,3568 2303,3565 2306,3562 2309,3562 2321,3550 2327,3550 2330,3547 2333,3547 2336,3550 2339,3550 2345,3544 2348,3547 2354,3541 2378,3541 2381,3544 2399,3544 2402,3547 2408,3547 2414,3541 2420,3541 2429,3550 2435,3550 2438,3547 2447,3547 2453,3541 2456,3541 2459,3544 2465,3544 2468,3547 2471,3547 2474,3550 2477,3550 2486,3559 2495,3559 2498,3556 2504,3556 2507,3553 2510,3553 2513,3550 2516,3550 2519,3553 2523,3556 2532,3556 2535,3559 2541,3559 2544,3556 2553,3556 2556,3553 2559,3553 2565,3559 2571,3559 2577,3553 2583,3559 2598,3559 2601,3556 2607,3556 2619,3568 2622,3568 2628,3562 2631,3562 2634,3559 2637,3559 2640,3556 2643,3556 2649,3550 2658,3559 2661,3556 2667,3556 2676,3565 2679,3565 2685,3559 2688,3559 2691,3556 2697,3556 2700,3559 2703,3559 2706,3556 2709,3556 2712,3553 2715,3553 2721,3547 2727,3547 2739,3559 2749,3559 2755,3553 2761,3553 2776,3568 2782,3568 2785,3571 2788,3571 2794,3565 2800,3565 2803,3568 2809,3568 2833,3592 2839,3592 2842,3589 2851,3598 2860,3598 2863,3601 2872,3601 2881,3610 2884,3610 2887,3607 2890,3607 2896,3601 2899,3601 2908,3592 2911,3592 2917,3586 2920,3586 2923,3589 2926,3589 2929,3586 2932,3586 2941,3577 2944,3577 2956,3565 2960,3562 2963,3562 2972,3553 2975,3556 2996,3556 3002,3550 3008,3550 3011,3553 3014,3553 3017,3550 3020,3553 3023,3553 3026,3556 3029,3556 3032,3559 3038,3553 3044,3553 3053,3544 3056,3547 3059,3547 3062,3550 3074,3550 3077,3547 3083,3547 3089,3553 3092,3553 3098,3547 3119,3547 3125,3553 3134,3553 3173,3592 3180,3592 3186,3586 3189,3586 3192,3583 3204,3583 3210,3577 3216,3577 3219,3574 3225,3574 3249,3550 3255,3550 3258,3553 3261,3550 3264,3553 3267,3553 3270,3556 3273,3556 3276,3553 3279,3553 3282,3556 3285,3553 3300,3553 3303,3556 3306,3556 3309,3559 3324,3544 3330,3544 3345,3559 3348,3559 3357,3568 3363,3568 3384,3547 3390,3547 3393,3550 3396,3550 3400,3547 3412,3535 3421,3544 3427,3538 3433,3538 3436,3541 3463,3541 3469,3547 3472,3547 3475,3544 3478,3544 3481,3547 3484,3547 3496,3559 3511,3559 3511,3469 3484,3469 3481,3472 3475,3472 3469,3466 3454,3466 3451,3463 3430,3463 3427,3466 3418,3466 3415,3463 3403,3463 3400,3460 3396,3457 3378,3439 3369,3439 3339,3409 3333,3409 3315,3427 3312,3427 3306,3433 3303,3433 3300,3436 3294,3436 3288,3430 3279,3439 3276,3439 3273,3436 3270,3439 3261,3439 3249,3451 3228,3451 3225,3448 3216,3448 3213,3445 3207,3445 3201,3451 3186,3451 3183,3448 3173,3448 3167,3442 3164,3442 3161,3445 3158,3442 3155,3442 3149,3436 3146,3436 3137,3427 3134,3427 3128,3421 3122,3421 3119,3418 3113,3418 3110,3415 3101,3415 3086,3400 3083,3396 3080,3393 3074,3393 3071,3396 3068,3400 3062,3400 3041,3421 3014,3421 3011,3424 2996,3424 2993,3421 2984,3421 2981,3418 2972,3418 2969,3421 2956,3421 2953,3418 2947,3418 2944,3415 2941,3418 2935,3418 2932,3421 2917,3421 2911,3415 2908,3418 2899,3418 2869,3448 2860,3448 2851,3457 2848,3457 2839,3466 2833,3466 2824,3475 2821,3475 2809,3487 2803,3487 2797,3481 2788,3481 2782,3487 2779,3487 2767,3475 2764,3475 2761,3472 2755,3472 2749,3478 2746,3478 2743,3481 2733,3481 2724,3472 2718,3472 2712,3466 2709,3466 2706,3463 2700,3463 2694,3469 2691,3469 2685,3475 2658,3475 2655,3478 2649,3478 2628,3457 2622,3463 2619,3460 2613,3466 2610,3466 2604,3460 2598,3466 2592,3466 2577,3481 2559,3481 2553,3487 2532,3487 2529,3484 2507,3484 2498,3493 2492,3493 2489,3490 2486,3493 2471,3493 2462,3484 2459,3484 2456,3487 2447,3487 2444,3484 2438,3484 2435,3481 2432,3481 2378,3427 2375,3427 2372,3424 2366,3424 2363,3427 2360,3427 2354,3433 2351,3433 2336,3448 2333,3445 2321,3457 2309,3445 2296,3445 2290,3451 2281,3451 2278,3448 2251,3448 2242,3439 2239,3439 2227,3427 2218,3427 2215,3424 2206,3424 2158,3472 2152,3472 2149,3469 2140,3469 2128,3457 2125,3460 2107,3460 2104,3457 2101,3457 2098,3454 2089,3454 2086,3451 2079,3451 2061,3469 2058,3469 2055,3466 2052,3469 1977,3469 1923,3415 1917,3415 1914,3412 1911,3412 1908,3409 1902,3409 1899,3406 1896,3406 1890,3400 1887,3396 1866,3375 1859,3375 1856,3372 1853,3372 1850,3375 1844,3375 1841,3378 1835,3378 1826,3387 1823,3387 1820,3384 1808,3396 1805,3400 1775,3430 1769,3430 1766,3427 1760,3427 1754,3421 1742,3421 1739,3418 1715,3418 1703,3430 1685,3430 1679,3436 1667,3436 1664,3439 1655,3439 1652,3436 1649,3439 1646,3439 1642,3442 1636,3442 1633,3439 1630,3439 1624,3433 1621,3433 1618,3430 1615,3430 1585,3400 1576,3400 1573,3396 1540,3363 1537,3363 1534,3360 1525,3360 1522,3363 1519,3363 1510,3372 1507,3372 1501,3378 1459,3378 1456,3375 1453,3375 1450,3378 1426,3378 1422,3381 1419,3384 1407,3384 1401,3390 1395,3390 1389,3396 1386,3400 1380,3406 1377,3403 1371,3403 1368,3406 1362,3400 1359,3396 1356,3393 1353,3393 1347,3387 1344,3387 1335,3396 1332,3400 1326,3400 1323,3396 1305,3378 1302,3378 1299,3375 1281,3375 1278,3378 1272,3372 1257,3387 1251,3387 1248,3390 1242,3384 1218,3384 1215,3381 1202,3381 1199,3378 1190,3378 1187,3375 1184,3378 1181,3378 1175,3372 1160,3372"/>
<Baseline points="1176,3518 1292,3516 1408,3516 1524,3516 1640,3516 1756,3518 1872,3520 1988,3522 2104,3524 2220,3526 2336,3528 2452,3530 2568,3532 2684,3534 2800,3534 2916,3536 3032,3534 3148,3534 3264,3532 3380,3528 3496,3524"/>
<TextEquiv>
<Unicode>les prud'hommes pourraient faire payer. </Unicode>
</TextEquiv>
</TextLine>
<TextLine custom="readingOrder {index:21;} textStyle {offset:10; length:2;fontSize:0.0; kerning:0; superscript:true;} person {offset:13; length:5;} person {offset:22; length:7;}" id="r1l22">
<Coords points="1670,3698 1694,3698 1700,3692 1703,3692 1706,3695 1727,3695 1736,3686 1739,3689 1745,3683 1748,3686 1751,3686 1754,3683 1763,3683 1772,3674 1778,3680 1781,3677 1784,3677 1787,3674 1790,3677 1793,3677 1796,3674 1799,3674 1805,3680 1817,3668 1826,3677 1832,3671 1841,3680 1844,3677 1847,3680 1859,3680 1862,3677 1866,3680 1869,3680 1884,3665 1899,3665 1902,3668 1905,3668 1908,3671 1911,3671 1917,3677 1920,3674 1923,3674 1929,3668 1935,3668 1941,3674 1944,3674 1953,3665 1962,3665 1971,3674 1974,3671 1977,3671 1980,3668 1983,3668 1986,3671 1989,3668 1995,3674 2001,3674 2004,3671 2007,3671 2010,3674 2013,3671 2016,3671 2019,3668 2022,3668 2025,3671 2028,3668 2031,3668 2034,3671 2040,3671 2043,3668 2052,3668 2055,3671 2058,3671 2061,3668 2064,3668 2070,3674 2083,3674 2086,3677 2095,3677 2098,3674 2104,3674 2107,3677 2110,3677 2116,3683 2119,3680 2128,3680 2140,3692 2149,3692 2152,3689 2167,3689 2170,3686 2173,3686 2176,3683 2179,3686 2191,3674 2194,3674 2200,3680 2209,3671 2212,3671 2221,3680 2227,3674 2236,3674 2239,3677 2242,3677 2248,3683 2254,3683 2257,3680 2260,3683 2263,3683 2266,3680 2281,3680 2287,3686 2306,3686 2309,3683 2312,3683 2315,3686 2333,3686 2342,3677 2351,3677 2354,3680 2372,3680 2378,3686 2381,3683 2384,3683 2387,3686 2390,3686 2396,3680 2414,3680 2420,3686 2426,3686 2429,3689 2432,3689 2438,3695 2444,3695 2450,3701 2459,3701 2474,3686 2480,3686 2483,3689 2498,3689 2501,3692 2507,3686 2519,3686 2523,3689 2526,3689 2529,3686 2532,3689 2535,3689 2538,3692 2547,3692 2550,3689 2556,3689 2559,3692 2562,3689 2565,3692 2574,3683 2580,3683 2583,3680 2598,3680 2604,3686 2619,3686 2622,3689 2631,3689 2634,3692 2658,3692 2664,3698 2682,3698 2694,3686 2712,3686 2715,3683 2730,3683 2736,3689 2739,3689 2743,3686 2755,3686 2758,3689 2761,3686 2764,3686 2767,3683 2782,3683 2788,3689 2791,3689 2794,3686 2797,3686 2800,3689 2806,3683 2809,3683 2812,3686 2815,3686 2818,3683 2821,3686 2824,3683 2830,3683 2833,3686 2839,3686 2842,3683 2845,3686 2854,3686 2863,3695 2872,3695 2875,3692 2878,3692 2884,3698 2887,3698 2890,3695 2896,3695 2905,3704 2908,3704 2914,3710 2917,3710 2926,3701 2932,3701 2938,3707 2953,3707 2956,3704 2960,3701 2963,3698 2969,3698 2972,3701 2975,3701 2978,3698 2996,3698 2999,3701 3002,3698 3008,3698 3011,3695 3017,3695 3026,3704 3032,3698 3047,3698 3050,3695 3053,3695 3056,3698 3065,3698 3071,3704 3083,3704 3086,3707 3092,3707 3095,3704 3110,3704 3113,3701 3119,3701 3134,3686 3137,3686 3140,3683 3143,3686 3167,3686 3170,3683 3180,3683 3183,3686 3189,3686 3192,3689 3201,3689 3207,3695 3210,3695 3213,3698 3231,3680 3243,3680 3246,3683 3255,3683 3258,3680 3264,3680 3267,3683 3270,3683 3282,3695 3297,3695 3315,3677 3318,3677 3321,3680 3324,3677 3330,3677 3336,3683 3345,3683 3348,3680 3351,3680 3354,3677 3360,3677 3363,3674 3375,3674 3381,3680 3384,3680 3387,3683 3390,3683 3393,3686 3396,3683 3418,3683 3421,3686 3427,3680 3436,3680 3445,3689 3457,3689 3463,3683 3478,3683 3481,3680 3484,3680 3487,3677 3511,3677 3511,3577 3487,3577 3484,3580 3475,3580 3472,3577 3469,3577 3463,3571 3448,3571 3439,3562 3421,3562 3415,3568 3412,3568 3409,3565 3393,3565 3387,3559 3372,3559 3363,3568 3357,3568 3348,3559 3345,3559 3342,3556 3339,3556 3330,3547 3324,3547 3315,3556 3312,3556 3309,3559 3306,3559 3303,3556 3300,3559 3294,3559 3276,3577 3270,3577 3267,3580 3255,3580 3228,3607 3219,3607 3216,3610 3210,3610 3207,3613 3204,3617 3201,3620 3189,3620 3186,3617 3183,3613 3180,3613 3176,3610 3173,3607 3167,3607 3164,3604 3158,3604 3155,3607 3149,3607 3146,3604 3140,3604 3137,3607 3128,3607 3125,3604 3122,3604 3113,3595 3101,3595 3080,3574 3077,3574 3074,3577 3068,3577 3044,3553 3041,3556 3038,3556 3014,3580 3008,3580 3005,3583 2990,3583 2987,3586 2984,3583 2981,3583 2969,3571 2966,3574 2960,3574 2956,3577 2950,3583 2944,3577 2941,3577 2932,3586 2929,3586 2926,3589 2923,3589 2920,3586 2917,3586 2911,3592 2908,3592 2899,3601 2896,3601 2890,3607 2887,3607 2884,3610 2878,3610 2875,3613 2872,3617 2869,3620 2851,3620 2848,3617 2845,3613 2839,3607 2836,3607 2830,3613 2827,3617 2824,3620 2821,3620 2818,3617 2815,3613 2812,3610 2809,3610 2806,3607 2803,3607 2800,3604 2797,3604 2788,3613 2785,3617 2776,3617 2773,3613 2761,3613 2758,3610 2736,3610 2733,3607 2727,3613 2724,3613 2721,3610 2718,3610 2715,3613 2712,3617 2706,3617 2703,3613 2694,3613 2691,3617 2685,3623 2679,3617 2676,3617 2673,3613 2667,3607 2649,3607 2619,3577 2616,3577 2598,3559 2583,3559 2577,3553 2547,3583 2544,3583 2541,3586 2538,3586 2523,3601 2519,3604 2501,3604 2498,3601 2495,3601 2489,3595 2486,3598 2483,3595 2471,3607 2438,3607 2435,3610 2420,3610 2414,3604 2405,3604 2396,3595 2393,3595 2390,3592 2387,3592 2381,3586 2378,3586 2375,3589 2372,3589 2369,3592 2366,3592 2360,3586 2357,3586 2354,3589 2351,3586 2342,3586 2339,3583 2333,3583 2315,3601 2306,3601 2303,3604 2299,3607 2296,3610 2287,3610 2281,3604 2275,3604 2272,3607 2266,3607 2263,3604 2254,3604 2251,3607 2242,3607 2236,3601 2233,3601 2227,3607 2218,3607 2215,3604 2203,3604 2200,3601 2197,3601 2188,3592 2185,3592 2179,3586 2176,3586 2125,3535 2122,3535 2116,3529 2098,3529 2095,3532 2086,3532 2083,3535 2079,3535 2073,3541 2067,3541 2064,3538 2061,3538 2055,3544 2052,3544 2028,3568 2019,3568 1998,3589 1989,3589 1965,3613 1962,3610 1959,3613 1947,3613 1944,3617 1926,3617 1923,3613 1866,3556 1862,3553 1835,3526 1820,3526 1817,3529 1814,3529 1805,3538 1799,3538 1796,3541 1793,3541 1790,3538 1769,3559 1763,3559 1760,3556 1739,3577 1733,3577 1727,3583 1724,3583 1718,3589 1715,3589 1712,3592 1670,3592"/>
<Baseline points="1684,3658 1774,3658 1865,3658 1955,3658 2046,3658 2137,3659 2227,3660 2318,3662 2408,3664 2499,3664 2590,3666 2680,3668 2771,3668 2861,3668 2952,3668 3043,3668 3133,3666 3224,3664 3314,3662 3405,3658 3496,3654"/>
<TextEquiv>
<Unicode>Puis les nés Serre et Viannet </Unicode>
</TextEquiv>
</TextLine>
<TextLine custom="readingOrder {index:22;}" id="r1l23">
<Coords points="1187,3794 1202,3794 1206,3797 1209,3794 1212,3794 1215,3791 1218,3794 1221,3791 1230,3800 1239,3800 1248,3809 1257,3809 1275,3791 1287,3791 1302,3806 1308,3806 1320,3818 1338,3818 1341,3815 1344,3818 1350,3818 1353,3815 1359,3815 1362,3818 1365,3815 1383,3833 1386,3837 1398,3849 1401,3849 1413,3861 1419,3861 1422,3858 1426,3855 1444,3837 1447,3833 1450,3833 1471,3812 1474,3812 1492,3794 1513,3794 1519,3800 1528,3800 1531,3797 1534,3797 1555,3818 1561,3818 1564,3821 1570,3821 1573,3818 1579,3818 1585,3812 1591,3812 1594,3809 1600,3809 1606,3803 1615,3803 1621,3797 1630,3797 1633,3800 1636,3797 1639,3800 1642,3797 1649,3797 1661,3809 1664,3809 1670,3815 1676,3815 1679,3812 1685,3812 1691,3818 1700,3818 1706,3824 1709,3824 1712,3827 1715,3827 1718,3830 1721,3827 1724,3827 1727,3824 1730,3824 1739,3833 1742,3837 1748,3837 1751,3833 1754,3833 1763,3824 1769,3830 1796,3830 1808,3818 1832,3818 1841,3809 1853,3809 1859,3803 1869,3803 1875,3809 1881,3809 1884,3806 1893,3806 1896,3803 1899,3806 1905,3806 1908,3809 1911,3806 1917,3806 1920,3803 1923,3803 1926,3806 1968,3806 1974,3812 1977,3812 1980,3815 1983,3812 1989,3812 1995,3806 1998,3809 2016,3809 2019,3806 2037,3806 2043,3812 2049,3812 2052,3815 2061,3815 2070,3824 2076,3824 2079,3821 2083,3818 2086,3815 2089,3815 2098,3824 2110,3824 2119,3815 2122,3815 2125,3818 2134,3818 2137,3815 2146,3824 2149,3824 2152,3821 2161,3821 2173,3809 2176,3809 2185,3818 2188,3818 2191,3821 2194,3821 2197,3818 2203,3818 2212,3827 2218,3827 2227,3818 2236,3827 2242,3827 2245,3830 2248,3830 2251,3827 2254,3830 2257,3827 2269,3827 2275,3833 2281,3833 2284,3830 2293,3830 2296,3827 2303,3827 2309,3833 2315,3833 2321,3827 2327,3833 2339,3833 2342,3830 2345,3833 2348,3837 2351,3833 2354,3830 2357,3833 2360,3830 2372,3830 2375,3827 2378,3827 2384,3821 2387,3821 2390,3818 2399,3818 2402,3821 2405,3821 2408,3818 2411,3821 2417,3821 2420,3818 2423,3818 2426,3821 2435,3821 2441,3815 2444,3818 2456,3818 2471,3833 2474,3837 2477,3837 2483,3843 2486,3840 2489,3840 2492,3843 2495,3843 2498,3846 2501,3843 2504,3843 2507,3846 2516,3846 2519,3843 2523,3843 2529,3837 2532,3833 2535,3833 2538,3837 2544,3837 2547,3833 2559,3833 2562,3837 2565,3840 2568,3840 2571,3837 2580,3837 2592,3849 2607,3849 2610,3846 2613,3846 2622,3855 2625,3855 2628,3852 2637,3852 2640,3855 2661,3855 2667,3849 2673,3849 2685,3837 2691,3837 2694,3840 2706,3840 2709,3837 2712,3837 2715,3840 2721,3840 2736,3855 2758,3855 2767,3864 2770,3864 2773,3867 2776,3867 2779,3870 2785,3870 2788,3873 2794,3873 2830,3837 2833,3833 2842,3824 2845,3827 2860,3827 2863,3824 2866,3824 2875,3833 2878,3837 2890,3849 2893,3849 2896,3852 2902,3846 2905,3849 2911,3849 2914,3846 2920,3846 2926,3840 2929,3840 2932,3843 2953,3843 2956,3846 2972,3846 2975,3843 2978,3843 2984,3837 2987,3833 3011,3833 3014,3830 3017,3833 3029,3833 3032,3837 3038,3843 3044,3837 3047,3837 3050,3833 3059,3833 3062,3830 3086,3830 3089,3833 3092,3837 3095,3837 3098,3840 3104,3840 3149,3885 3152,3885 3158,3891 3176,3873 3180,3870 3189,3861 3192,3861 3195,3858 3198,3858 3201,3855 3207,3855 3225,3837 3228,3833 3234,3827 3258,3827 3261,3824 3267,3824 3273,3830 3276,3830 3279,3827 3288,3827 3291,3830 3297,3830 3300,3827 3306,3827 3309,3830 3318,3830 3324,3824 3336,3824 3339,3821 3351,3833 3363,3821 3384,3821 3390,3827 3403,3827 3409,3821 3412,3821 3415,3818 3424,3818 3430,3812 3433,3812 3439,3818 3442,3818 3445,3815 3448,3818 3451,3818 3454,3821 3457,3821 3460,3818 3478,3818 3478,3683 3463,3683 3457,3689 3454,3689 3430,3713 3427,3710 3403,3710 3400,3713 3396,3716 3384,3728 3375,3728 3366,3737 3351,3737 3342,3728 3339,3728 3315,3704 3306,3704 3300,3710 3297,3710 3294,3707 3288,3707 3276,3719 3273,3719 3270,3716 3264,3716 3255,3725 3249,3725 3246,3722 3234,3722 3222,3734 3219,3734 3213,3740 3201,3740 3183,3722 3180,3722 3176,3719 3173,3716 3167,3716 3161,3722 3158,3722 3137,3743 3128,3743 3116,3731 3113,3731 3110,3728 3101,3728 3098,3731 3089,3731 3047,3773 3041,3773 3038,3770 3035,3770 3032,3773 3023,3773 3020,3776 3008,3776 2996,3764 2993,3764 2987,3758 2984,3758 2981,3755 2975,3755 2972,3758 2969,3758 2966,3761 2963,3761 2960,3764 2956,3767 2953,3770 2947,3770 2944,3773 2935,3773 2929,3767 2926,3767 2923,3770 2917,3770 2911,3764 2896,3764 2893,3761 2890,3761 2881,3752 2875,3758 2860,3758 2857,3755 2848,3755 2830,3737 2815,3737 2788,3710 2770,3710 2764,3704 2758,3704 2752,3698 2749,3698 2746,3695 2743,3695 2739,3692 2730,3683 2715,3683 2706,3692 2703,3692 2697,3698 2691,3698 2661,3728 2652,3728 2646,3734 2640,3728 2634,3728 2631,3731 2625,3725 2622,3725 2592,3695 2583,3695 2553,3725 2550,3725 2547,3728 2541,3728 2535,3734 2532,3734 2523,3743 2519,3746 2513,3752 2501,3752 2495,3746 2492,3746 2489,3743 2483,3749 2480,3749 2471,3758 2456,3758 2450,3752 2447,3752 2444,3755 2441,3755 2432,3764 2426,3764 2408,3746 2405,3746 2390,3731 2387,3731 2375,3743 2372,3743 2369,3740 2366,3743 2342,3743 2339,3746 2333,3746 2327,3740 2321,3740 2303,3722 2299,3719 2287,3719 2281,3713 2275,3713 2272,3710 2269,3710 2251,3692 2248,3692 2245,3689 2239,3689 2236,3692 2233,3692 2230,3695 2221,3695 2212,3686 2206,3686 2176,3716 2170,3716 2146,3740 2143,3740 2140,3743 2137,3743 2125,3755 2122,3755 2119,3752 2116,3755 2113,3755 2107,3761 2092,3746 2089,3746 2083,3740 2079,3737 2070,3728 2061,3728 2049,3716 2046,3716 2031,3731 2022,3731 2019,3728 2010,3737 2001,3728 1986,3728 1983,3731 1974,3722 1968,3722 1953,3707 1944,3707 1917,3680 1914,3680 1899,3665 1884,3665 1869,3680 1866,3680 1862,3677 1859,3680 1847,3680 1844,3677 1841,3680 1838,3680 1784,3734 1757,3734 1733,3710 1724,3710 1718,3704 1715,3704 1709,3698 1706,3698 1703,3701 1700,3701 1670,3731 1652,3731 1649,3734 1642,3734 1639,3737 1621,3737 1618,3740 1606,3740 1567,3701 1558,3701 1537,3680 1534,3680 1531,3677 1516,3677 1510,3671 1501,3671 1495,3677 1492,3677 1474,3695 1465,3695 1459,3689 1453,3689 1450,3686 1447,3689 1444,3689 1426,3671 1422,3668 1416,3668 1407,3659 1404,3659 1401,3656 1395,3656 1392,3659 1389,3659 1386,3656 1380,3656 1371,3665 1368,3665 1365,3662 1359,3662 1356,3665 1353,3662 1338,3662 1335,3665 1323,3665 1311,3677 1308,3677 1293,3692 1278,3692 1275,3695 1269,3695 1263,3701 1260,3701 1236,3725 1233,3725 1212,3746 1187,3746"/>
<Baseline points="1202,3780 1315,3780 1428,3782 1541,3784 1654,3786 1767,3789 1880,3792 1993,3796 2106,3800 2219,3803 2333,3806 2446,3808 2559,3812 2672,3814 2785,3814 2898,3814 3011,3814 3124,3812 3237,3809 3350,3804 3464,3798"/>
<TextEquiv>
<Unicode>attaquent le né Baudot qui d'après </Unicode>
</TextEquiv>
</TextLine>
<TextLine custom="readingOrder {index:23;}" id="r1l24">
<Coords points="1206,3939 1221,3939 1224,3942 1233,3942 1236,3945 1239,3945 1242,3942 1260,3942 1263,3945 1266,3945 1275,3954 1287,3954 1302,3969 1305,3966 1311,3966 1314,3963 1317,3963 1332,3948 1338,3948 1341,3951 1344,3951 1347,3954 1359,3954 1362,3951 1365,3954 1368,3954 1371,3951 1374,3951 1380,3957 1383,3957 1386,3960 1398,3960 1404,3966 1407,3963 1410,3963 1419,3972 1422,3972 1426,3969 1438,3957 1441,3960 1444,3957 1450,3957 1456,3963 1468,3963 1480,3951 1489,3951 1492,3954 1495,3954 1498,3951 1501,3951 1504,3948 1516,3948 1519,3951 1525,3951 1534,3942 1537,3942 1540,3939 1558,3939 1561,3942 1564,3942 1567,3945 1573,3945 1576,3942 1579,3942 1585,3936 1591,3936 1594,3939 1606,3939 1609,3936 1612,3939 1615,3936 1618,3939 1624,3939 1627,3942 1639,3942 1642,3945 1646,3948 1655,3957 1658,3954 1667,3954 1670,3951 1679,3951 1685,3945 1688,3945 1694,3951 1697,3951 1700,3948 1706,3948 1712,3954 1721,3954 1724,3957 1727,3954 1742,3954 1745,3951 1766,3951 1775,3942 1781,3942 1784,3939 1790,3939 1796,3945 1799,3942 1805,3942 1808,3939 1817,3939 1820,3942 1823,3942 1844,3963 1853,3963 1856,3960 1859,3960 1862,3957 1866,3954 1878,3954 1881,3951 1890,3951 1893,3954 1899,3948 1911,3948 1914,3951 1959,3951 1971,3963 1977,3963 1980,3960 1989,3960 1995,3966 2007,3954 2019,3954 2025,3948 2028,3948 2031,3945 2034,3945 2037,3948 2040,3948 2049,3957 2058,3957 2067,3966 2070,3966 2073,3963 2079,3963 2083,3966 2092,3966 2095,3969 2104,3969 2119,3954 2125,3954 2134,3963 2137,3963 2140,3960 2143,3960 2149,3966 2152,3966 2161,3957 2164,3960 2185,3960 2191,3954 2227,3954 2233,3960 2236,3960 2242,3954 2257,3954 2260,3957 2275,3957 2278,3954 2281,3957 2284,3954 2287,3954 2299,3966 2303,3969 2306,3972 2309,3972 2315,3978 2327,3978 2333,3972 2342,3972 2348,3978 2354,3978 2357,3981 2366,3981 2372,3975 2396,3975 2402,3969 2405,3969 2408,3972 2411,3969 2414,3969 2417,3966 2420,3966 2423,3963 2426,3963 2429,3960 2447,3960 2453,3966 2459,3966 2462,3969 2465,3969 2468,3966 2471,3966 2474,3963 2489,3963 2492,3966 2495,3963 2516,3984 2519,3984 2523,3987 2568,4032 2574,4032 2577,4029 2583,4035 2589,4035 2601,4047 2604,4044 2607,4044 2613,4050 2625,4038 2628,4038 2700,3966 2703,3966 2706,3963 2709,3963 2712,3960 2715,3960 2718,3957 2724,3957 2739,3972 2743,3975 2749,3981 2755,3981 2761,3975 2764,3978 2767,3978 2770,3981 2788,3981 2791,3984 2797,3978 2806,3978 2812,3972 2815,3972 2818,3975 2824,3969 2827,3969 2830,3966 2839,3966 2842,3963 2848,3963 2851,3960 2857,3960 2881,3984 2908,3984 2914,3978 2917,3978 2923,3972 2929,3978 2953,3978 2956,3975 2960,3978 2963,3981 2966,3978 2969,3978 2978,3969 2993,3969 2999,3975 3002,3972 3005,3975 3008,3975 3014,3981 3017,3981 3023,3987 3026,3987 3029,3990 3038,3990 3041,3987 3056,3987 3068,3975 3080,3975 3086,3969 3110,3969 3119,3978 3125,3978 3128,3981 3140,3981 3143,3984 3146,3984 3152,3978 3158,3984 3161,3984 3164,3981 3173,3981 3176,3978 3183,3978 3189,3972 3192,3975 3195,3975 3198,3978 3201,3978 3204,3975 3216,3975 3219,3978 3234,3978 3252,3960 3267,3960 3267,3897 3249,3897 3246,3900 3219,3900 3216,3897 3210,3903 3192,3903 3189,3906 3180,3897 3164,3897 3158,3903 3152,3903 3140,3891 3134,3897 3131,3894 3122,3903 3119,3903 3116,3900 3104,3912 3098,3912 3095,3909 3092,3909 3086,3903 3083,3903 3080,3900 3074,3900 3065,3909 3062,3906 3032,3906 3023,3915 3020,3912 3005,3912 3002,3915 2999,3915 2990,3906 2987,3906 2978,3897 2975,3897 2966,3906 2960,3906 2956,3903 2947,3903 2914,3870 2911,3870 2887,3846 2884,3846 2875,3837 2872,3833 2866,3827 2848,3827 2842,3833 2839,3837 2836,3840 2833,3840 2818,3855 2812,3855 2791,3876 2788,3876 2785,3879 2782,3879 2779,3876 2776,3879 2755,3879 2752,3882 2733,3882 2730,3885 2727,3885 2715,3897 2712,3897 2706,3903 2703,3900 2697,3900 2688,3909 2679,3909 2676,3906 2673,3906 2667,3912 2658,3912 2649,3903 2646,3903 2643,3906 2640,3906 2637,3903 2634,3903 2628,3909 2619,3909 2616,3912 2613,3909 2589,3909 2574,3894 2571,3894 2565,3900 2559,3900 2523,3864 2516,3864 2498,3846 2486,3846 2477,3837 2474,3837 2471,3833 2456,3818 2438,3818 2435,3821 2429,3821 2426,3824 2420,3818 2417,3821 2411,3821 2399,3833 2396,3837 2375,3858 2372,3858 2351,3879 2339,3879 2336,3876 2327,3885 2324,3885 2315,3894 2303,3882 2299,3879 2293,3879 2290,3876 2284,3876 2266,3858 2254,3858 2248,3864 2245,3864 2242,3867 2233,3867 2227,3861 2224,3861 2209,3846 2197,3846 2179,3864 2164,3864 2149,3849 2143,3849 2128,3864 2122,3864 2119,3867 2113,3867 2110,3864 2089,3864 2086,3861 2083,3864 2079,3867 2076,3867 2067,3876 2064,3876 2058,3882 2052,3882 2049,3885 2043,3885 2031,3897 2022,3888 2016,3888 2013,3891 2010,3888 2007,3891 1974,3891 1971,3888 1962,3888 1959,3885 1956,3885 1953,3888 1950,3885 1947,3885 1944,3882 1932,3882 1929,3885 1926,3882 1920,3882 1914,3888 1911,3888 1908,3891 1902,3891 1899,3888 1896,3888 1884,3876 1881,3876 1878,3873 1872,3879 1869,3879 1866,3882 1856,3882 1853,3885 1835,3885 1787,3837 1778,3837 1775,3833 1766,3833 1760,3827 1754,3833 1751,3833 1748,3837 1742,3837 1724,3855 1715,3855 1688,3882 1673,3882 1670,3885 1664,3885 1661,3882 1658,3882 1655,3885 1652,3882 1646,3888 1642,3888 1615,3861 1612,3864 1606,3858 1600,3858 1597,3855 1579,3855 1576,3858 1567,3858 1564,3855 1561,3855 1558,3852 1552,3852 1549,3855 1525,3855 1522,3852 1519,3855 1513,3855 1504,3864 1495,3855 1489,3855 1480,3864 1474,3864 1471,3867 1465,3867 1453,3879 1444,3879 1441,3882 1429,3882 1426,3879 1422,3879 1419,3876 1413,3876 1410,3879 1389,3879 1386,3882 1368,3864 1362,3864 1344,3882 1341,3879 1329,3879 1326,3882 1323,3882 1320,3885 1317,3885 1311,3879 1299,3879 1278,3858 1263,3858 1242,3879 1230,3879 1221,3888 1206,3888"/>
<Baseline points="1222,3934 1323,3932 1425,3930 1526,3930 1628,3930 1729,3930 1831,3932 1932,3934 2034,3936 2135,3940 2237,3942 2338,3946 2440,3948 2541,3950 2643,3952 2744,3954 2846,3956 2947,3956 3049,3956 3150,3956 3252,3954"/>
<TextEquiv>
<Unicode>eux, aurait mis de la négligence </Unicode>
</TextEquiv>
</TextLine>
<TextLine custom="readingOrder {index:24;}" id="r1l25">
<Coords points="1251,4084 1266,4084 1269,4087 1284,4087 1293,4078 1299,4078 1302,4081 1305,4081 1311,4087 1314,4084 1323,4084 1326,4081 1329,4081 1332,4084 1347,4084 1353,4090 1359,4090 1365,4084 1368,4087 1380,4087 1389,4096 1401,4096 1407,4090 1410,4090 1413,4087 1419,4087 1422,4090 1426,4093 1465,4132 1471,4132 1474,4129 1477,4129 1489,4117 1492,4117 1525,4084 1534,4084 1540,4090 1546,4084 1555,4084 1558,4087 1561,4084 1567,4084 1570,4087 1573,4087 1579,4093 1585,4087 1594,4087 1597,4090 1600,4087 1609,4087 1615,4081 1624,4081 1630,4087 1636,4087 1639,4084 1642,4084 1646,4087 1649,4090 1658,4090 1664,4096 1670,4090 1673,4093 1676,4090 1679,4090 1685,4096 1688,4093 1691,4093 1694,4090 1697,4090 1700,4087 1703,4087 1706,4090 1709,4090 1715,4084 1730,4084 1739,4093 1742,4093 1745,4090 1754,4090 1757,4093 1760,4093 1763,4090 1775,4090 1781,4084 1784,4084 1787,4087 1799,4087 1802,4084 1805,4084 1808,4087 1811,4084 1814,4084 1823,4093 1826,4093 1829,4090 1835,4090 1838,4093 1853,4093 1856,4090 1859,4093 1869,4093 1875,4087 1881,4087 1890,4096 1893,4093 1896,4093 1902,4087 1905,4090 1920,4090 1926,4084 1929,4087 1932,4087 1935,4090 1938,4087 1941,4090 1947,4090 1953,4096 1956,4093 1968,4093 1974,4099 1980,4093 1983,4093 1986,4090 2010,4090 2016,4096 2019,4093 2031,4093 2034,4090 2043,4090 2046,4093 2049,4093 2052,4096 2058,4096 2061,4099 2067,4099 2070,4096 2089,4096 2092,4099 2116,4099 2119,4096 2122,4096 2125,4099 2128,4096 2137,4096 2140,4099 2146,4099 2149,4102 2152,4102 2155,4105 2161,4105 2170,4096 2176,4096 2179,4099 2185,4099 2188,4102 2191,4099 2194,4099 2200,4105 2203,4102 2209,4108 2212,4108 2221,4099 2224,4099 2227,4102 2230,4102 2233,4099 2236,4099 2239,4102 2269,4102 2272,4099 2275,4099 2278,4102 2284,4102 2293,4111 2296,4111 2299,4108 2306,4108 2309,4111 2318,4111 2324,4105 2366,4105 2372,4111 2378,4111 2384,4105 2387,4105 2390,4102 2399,4102 2411,4114 2435,4114 2447,4102 2450,4102 2453,4105 2456,4105 2459,4102 2462,4105 2471,4105 2477,4111 2480,4111 2483,4114 2495,4114 2501,4108 2504,4108 2507,4105 2513,4111 2523,4111 2526,4108 2538,4108 2541,4111 2544,4111 2547,4108 2556,4108 2562,4102 2565,4102 2568,4099 2580,4099 2592,4111 2601,4111 2604,4114 2607,4111 2616,4111 2619,4114 2625,4114 2628,4111 2631,4114 2634,4114 2637,4117 2640,4114 2649,4114 2652,4111 2664,4111 2670,4117 2673,4114 2688,4114 2691,4111 2700,4111 2703,4114 2727,4114 2733,4120 2736,4120 2739,4123 2743,4123 2746,4120 2752,4120 2755,4117 2758,4117 2761,4114 2773,4114 2776,4117 2782,4117 2785,4114 2788,4114 2791,4117 2794,4117 2797,4114 2806,4114 2809,4117 2812,4117 2821,4126 2824,4126 2866,4168 2869,4165 2878,4165 2881,4162 2884,4162 2893,4153 2896,4156 2899,4156 2926,4129 2938,4129 2947,4120 2950,4120 2956,4114 2960,4117 2969,4117 2972,4120 2975,4120 2978,4117 2981,4120 2987,4120 2990,4117 2999,4117 3002,4114 3008,4114 3011,4117 3026,4117 3032,4123 3035,4120 3038,4120 3041,4123 3044,4120 3047,4120 3050,4123 3053,4120 3065,4120 3068,4123 3071,4120 3086,4120 3089,4123 3095,4123 3098,4120 3101,4120 3104,4117 3107,4117 3110,4120 3116,4120 3119,4123 3122,4120 3125,4120 3128,4123 3134,4117 3143,4126 3149,4126 3155,4120 3161,4126 3167,4120 3170,4120 3176,4114 3180,4111 3186,4117 3189,4114 3192,4114 3195,4117 3198,4117 3201,4120 3204,4120 3207,4123 3210,4120 3228,4120 3231,4123 3237,4123 3240,4120 3243,4120 3246,4117 3255,4117 3258,4114 3273,4114 3276,4117 3303,4117 3309,4111 3312,4111 3315,4114 3333,4114 3345,4126 3360,4126 3360,3981 3345,3981 3342,3984 3336,3978 3333,3978 3330,3975 3321,3984 3300,3963 3288,3963 3282,3969 3279,3966 3267,3966 3264,3963 3261,3963 3255,3957 3234,3978 3228,3978 3225,3981 3222,3978 3219,3978 3216,3975 3204,3975 3180,3999 3176,4002 3170,4008 3167,4008 3143,4032 3134,4032 3128,4038 3125,4038 3122,4035 3116,4035 3101,4050 3098,4050 3095,4047 3089,4053 3086,4057 3083,4060 3074,4060 3071,4057 3068,4053 3065,4050 3056,4050 3053,4053 3050,4053 3047,4057 3038,4057 3035,4053 3023,4053 3020,4057 3017,4053 3014,4050 3011,4053 3008,4057 3002,4057 2999,4053 2996,4053 2993,4057 2990,4053 2984,4047 2981,4047 2978,4044 2975,4044 2969,4038 2960,4038 2956,4035 2947,4026 2941,4032 2923,4014 2920,4014 2905,3999 2899,3999 2884,3984 2881,3984 2857,3960 2851,3960 2848,3963 2842,3963 2839,3966 2830,3966 2827,3969 2824,3969 2818,3975 2815,3972 2812,3972 2800,3984 2797,3981 2794,3984 2791,3984 2788,3981 2770,3981 2767,3978 2764,3978 2761,3981 2749,3981 2743,3975 2739,3972 2724,3957 2718,3957 2715,3960 2712,3960 2709,3963 2706,3963 2703,3966 2700,3966 2628,4038 2625,4038 2613,4050 2607,4044 2604,4047 2601,4047 2595,4041 2592,4044 2589,4044 2586,4047 2583,4047 2577,4053 2574,4053 2571,4057 2568,4060 2565,4057 2562,4060 2550,4060 2547,4063 2544,4063 2541,4066 2532,4057 2529,4053 2526,4050 2507,4050 2504,4047 2501,4050 2492,4050 2489,4047 2480,4047 2477,4044 2474,4044 2447,4017 2444,4017 2441,4020 2435,4014 2429,4014 2411,4032 2396,4032 2387,4041 2378,4041 2375,4044 2372,4041 2366,4041 2363,4044 2360,4044 2354,4038 2345,4038 2342,4041 2339,4041 2336,4044 2333,4044 2327,4038 2318,4038 2315,4035 2309,4035 2303,4029 2299,4026 2287,4014 2263,4014 2260,4017 2257,4017 2251,4011 2242,4011 2239,4008 2236,4011 2185,3960 2182,3963 2179,3960 2167,3960 2143,3984 2140,3981 2137,3984 2134,3981 2131,3981 2101,4011 2092,4011 2083,4020 2079,4023 2076,4026 2073,4026 2067,4032 2064,4032 2058,4038 2055,4035 2052,4038 2040,4038 2037,4035 2031,4035 2028,4038 2025,4038 2022,4041 2016,4035 2010,4035 2004,4029 1986,4029 1983,4032 1962,4011 1959,4011 1956,4008 1953,4008 1938,4023 1926,4011 1923,4014 1920,4014 1914,4020 1911,4017 1908,4017 1902,4011 1899,4014 1896,4014 1893,4017 1884,4017 1881,4014 1869,4014 1866,4011 1859,4011 1847,4023 1844,4023 1838,4017 1832,4023 1826,4023 1820,4029 1817,4026 1811,4026 1808,4023 1796,4035 1790,4035 1787,4038 1766,4038 1763,4035 1760,4035 1754,4029 1751,4029 1745,4035 1742,4035 1739,4032 1736,4032 1730,4026 1718,4026 1715,4023 1709,4023 1694,4008 1691,4008 1688,4005 1685,4005 1655,3975 1652,3975 1646,3969 1642,3966 1624,3948 1618,3948 1615,3945 1612,3945 1606,3939 1597,3939 1594,3942 1591,3942 1588,3945 1585,3945 1579,3951 1576,3951 1573,3954 1564,3954 1516,4002 1483,4002 1480,4005 1474,4005 1459,4020 1447,4020 1444,4017 1441,4017 1438,4020 1419,4020 1410,4029 1407,4029 1401,4023 1383,4023 1365,4005 1362,4005 1359,4008 1350,4008 1347,4011 1341,4011 1338,4014 1335,4014 1332,4011 1326,4011 1323,4008 1305,4026 1290,4026 1287,4023 1275,4023 1272,4026 1269,4026 1266,4029 1251,4029"/>
<Baseline points="1266,4068 1369,4068 1473,4070 1577,4070 1681,4074 1785,4076 1889,4078 1993,4081 2097,4084 2201,4086 2305,4089 2408,4092 2512,4095 2616,4097 2720,4100 2824,4102 2928,4102 3032,4104 3136,4104 3240,4104 3344,4102"/>
<TextEquiv>
<Unicode>à faire circuler une liste qui lui </Unicode>
</TextEquiv>
</TextLine>
<TextLine custom="readingOrder {index:25;}" id="r1l26">
<Coords points="1215,4216 1242,4216 1248,4222 1254,4222 1257,4219 1260,4219 1272,4231 1290,4213 1293,4213 1302,4222 1308,4222 1314,4216 1320,4216 1326,4210 1335,4210 1338,4213 1341,4213 1344,4216 1347,4213 1365,4213 1377,4225 1380,4225 1386,4219 1401,4219 1404,4216 1435,4216 1438,4213 1477,4213 1483,4219 1486,4216 1495,4216 1501,4222 1504,4219 1510,4219 1516,4225 1522,4219 1528,4219 1531,4222 1537,4216 1540,4216 1546,4222 1549,4222 1552,4219 1558,4219 1570,4231 1573,4228 1579,4228 1585,4234 1597,4234 1600,4231 1609,4231 1612,4228 1615,4231 1618,4231 1621,4228 1624,4228 1630,4222 1633,4222 1636,4219 1639,4222 1642,4222 1646,4219 1649,4219 1655,4225 1658,4225 1664,4219 1670,4219 1673,4222 1691,4222 1694,4219 1697,4222 1706,4222 1712,4228 1715,4228 1718,4225 1724,4225 1733,4234 1748,4234 1757,4225 1769,4225 1772,4222 1778,4222 1781,4225 1784,4225 1787,4222 1796,4222 1799,4225 1805,4225 1808,4228 1811,4228 1814,4225 1829,4225 1832,4222 1835,4225 1841,4225 1844,4228 1884,4228 1887,4231 1893,4225 1899,4225 1902,4228 1905,4228 1908,4231 1932,4231 1941,4240 1947,4240 1953,4234 1965,4234 1971,4228 1974,4228 1977,4231 1980,4231 1995,4246 2010,4246 2013,4249 2016,4249 2022,4243 2025,4243 2031,4237 2037,4237 2040,4234 2046,4240 2052,4240 2058,4246 2061,4246 2064,4249 2067,4249 2070,4246 2073,4249 2076,4246 2089,4246 2092,4243 2098,4243 2104,4237 2128,4237 2137,4246 2149,4246 2158,4237 2161,4237 2173,4249 2176,4249 2185,4240 2191,4240 2194,4243 2197,4243 2203,4237 2206,4240 2212,4240 2230,4258 2236,4258 2239,4255 2251,4255 2266,4240 2287,4240 2290,4243 2299,4243 2303,4246 2306,4243 2309,4246 2312,4243 2318,4249 2330,4249 2333,4252 2339,4252 2342,4255 2354,4255 2357,4252 2360,4255 2366,4255 2369,4252 2372,4252 2375,4249 2399,4249 2402,4252 2408,4252 2414,4258 2417,4258 2420,4255 2426,4255 2429,4258 2438,4258 2441,4255 2447,4255 2450,4252 2456,4252 2459,4255 2465,4255 2468,4252 2477,4261 2483,4255 2486,4255 2492,4261 2498,4261 2504,4255 2507,4255 2510,4252 2519,4252 2523,4255 2526,4255 2529,4252 2532,4255 2535,4252 2538,4255 2541,4255 2544,4252 2553,4261 2556,4261 2559,4258 2565,4258 2577,4270 2583,4270 2586,4273 2589,4277 2601,4289 2604,4286 2610,4286 2616,4292 2631,4277 2634,4273 2646,4261 2655,4270 2658,4270 2661,4267 2664,4267 2676,4255 2691,4255 2694,4258 2697,4258 2703,4264 2712,4264 2721,4255 2724,4258 2727,4258 2730,4261 2739,4252 2743,4249 2755,4237 2758,4237 2779,4258 2782,4258 2785,4255 2791,4261 2809,4261 2812,4258 2821,4258 2824,4261 2830,4261 2833,4258 2836,4261 2842,4261 2845,4258 2899,4258 2902,4261 2905,4261 2908,4258 2914,4258 2917,4261 2929,4261 2935,4267 2941,4267 2944,4270 2953,4261 2956,4261 2960,4264 2966,4270 2975,4270 2978,4267 2981,4270 2996,4270 3002,4264 3011,4264 3014,4261 3029,4261 3035,4267 3041,4267 3047,4261 3053,4261 3059,4267 3065,4267 3074,4258 3077,4258 3080,4261 3083,4261 3086,4258 3092,4264 3107,4264 3110,4261 3113,4264 3119,4258 3125,4258 3128,4261 3131,4261 3137,4267 3140,4267 3143,4264 3146,4264 3149,4261 3152,4261 3155,4264 3161,4258 3173,4258 3176,4261 3180,4258 3192,4258 3195,4255 3210,4255 3225,4270 3231,4270 3234,4273 3240,4273 3243,4270 3258,4270 3261,4273 3264,4273 3267,4270 3270,4270 3276,4264 3282,4264 3285,4261 3291,4261 3300,4252 3303,4252 3312,4261 3318,4261 3327,4252 3339,4252 3342,4249 3345,4252 3363,4252 3363,4207 3339,4207 3336,4204 3333,4204 3330,4201 3324,4201 3315,4210 3312,4210 3309,4207 3306,4207 3300,4213 3285,4213 3273,4201 3267,4201 3261,4195 3255,4195 3249,4201 3240,4201 3231,4192 3216,4192 3207,4183 3204,4183 3186,4201 3183,4201 3180,4204 3176,4207 3173,4210 3170,4210 3164,4204 3146,4204 3143,4201 3140,4201 3116,4177 3113,4177 3107,4171 3104,4171 3098,4177 3095,4177 3089,4171 3080,4180 3077,4180 3074,4183 3056,4183 3038,4201 3029,4201 3026,4198 3017,4198 3014,4195 3002,4195 2999,4192 2993,4198 2990,4198 2987,4201 2981,4201 2978,4204 2969,4204 2966,4207 2963,4204 2960,4204 2956,4201 2941,4186 2932,4186 2929,4183 2923,4189 2920,4186 2917,4186 2914,4183 2911,4183 2905,4189 2893,4189 2890,4192 2887,4192 2884,4189 2881,4189 2872,4198 2869,4198 2866,4195 2860,4195 2845,4180 2824,4201 2821,4201 2818,4198 2815,4201 2809,4201 2803,4195 2800,4198 2791,4198 2773,4180 2770,4180 2767,4177 2761,4183 2743,4165 2739,4162 2721,4144 2718,4144 2712,4138 2682,4138 2679,4141 2676,4138 2673,4138 2670,4141 2667,4138 2661,4138 2655,4144 2652,4144 2649,4141 2643,4147 2631,4147 2589,4105 2586,4105 2580,4099 2568,4099 2562,4105 2556,4105 2553,4108 2547,4108 2544,4111 2541,4111 2538,4108 2526,4108 2523,4111 2516,4111 2510,4117 2507,4117 2504,4120 2495,4120 2489,4126 2486,4126 2477,4117 2474,4117 2468,4111 2462,4111 2459,4108 2456,4108 2453,4105 2450,4105 2447,4102 2444,4105 2438,4105 2423,4120 2417,4114 2411,4114 2408,4111 2357,4162 2354,4162 2351,4165 2342,4165 2303,4126 2299,4123 2284,4108 2269,4108 2260,4117 2254,4117 2218,4153 2215,4153 2209,4159 2206,4159 2176,4189 2173,4189 2161,4177 2146,4177 2143,4174 2137,4174 2122,4189 2119,4186 2116,4189 2113,4189 2110,4192 2107,4189 2104,4189 2098,4183 2095,4183 2083,4171 2079,4171 2064,4156 2061,4156 2034,4129 2016,4129 2013,4132 2004,4132 1983,4153 1974,4153 1962,4165 1956,4165 1953,4162 1944,4162 1941,4159 1938,4159 1932,4165 1899,4165 1884,4180 1881,4177 1875,4177 1866,4168 1856,4168 1853,4171 1850,4168 1847,4168 1844,4171 1835,4162 1826,4162 1817,4171 1814,4168 1811,4168 1808,4165 1799,4165 1778,4144 1760,4144 1754,4150 1751,4150 1745,4144 1733,4144 1730,4141 1724,4141 1715,4132 1712,4132 1676,4096 1670,4096 1661,4105 1655,4105 1646,4114 1642,4117 1636,4123 1630,4123 1621,4114 1618,4117 1609,4117 1606,4120 1600,4120 1582,4138 1579,4138 1576,4141 1567,4141 1561,4147 1552,4147 1549,4150 1546,4150 1540,4144 1537,4144 1519,4126 1501,4126 1492,4117 1480,4129 1474,4129 1471,4132 1459,4132 1444,4117 1441,4117 1438,4114 1426,4114 1422,4111 1419,4111 1413,4117 1404,4117 1392,4105 1386,4105 1377,4096 1374,4096 1365,4105 1362,4105 1359,4102 1356,4105 1347,4105 1338,4114 1326,4114 1311,4129 1302,4129 1299,4126 1278,4126 1272,4132 1269,4129 1266,4132 1263,4132 1248,4147 1215,4147"/>
<Baseline points="1230,4200 1335,4204 1441,4206 1547,4210 1653,4213 1759,4216 1865,4220 1971,4224 2077,4228 2183,4230 2289,4234 2394,4236 2500,4238 2606,4241 2712,4243 2818,4244 2924,4246 3030,4246 3136,4246 3242,4246 3348,4246"/>
<TextEquiv>
<Unicode>avait été remise par la Commission </Unicode>
</TextEquiv>
</TextLine>
<TextLine custom="readingOrder {index:26;}" id="r1l27">
<Coords points="1199,4358 1215,4358 1218,4361 1221,4361 1227,4355 1236,4355 1242,4349 1254,4349 1257,4352 1281,4352 1284,4355 1287,4355 1302,4370 1308,4370 1320,4382 1323,4382 1353,4412 1356,4412 1377,4433 1380,4433 1401,4454 1404,4454 1407,4451 1416,4451 1419,4448 1422,4448 1426,4445 1507,4364 1513,4364 1516,4361 1519,4364 1522,4361 1525,4361 1528,4364 1531,4361 1534,4361 1543,4370 1546,4370 1552,4376 1558,4376 1561,4373 1564,4373 1570,4367 1576,4367 1579,4370 1582,4367 1588,4367 1591,4364 1603,4364 1606,4367 1615,4367 1618,4370 1621,4367 1624,4367 1627,4370 1652,4370 1655,4373 1661,4373 1664,4370 1667,4370 1670,4367 1679,4367 1682,4364 1700,4364 1706,4370 1715,4361 1718,4364 1721,4364 1724,4367 1727,4367 1730,4364 1733,4367 1760,4367 1763,4370 1769,4370 1772,4367 1775,4367 1778,4370 1781,4370 1784,4373 1790,4373 1796,4367 1802,4367 1805,4364 1817,4364 1823,4358 1826,4361 1835,4361 1838,4364 1847,4364 1856,4373 1862,4367 1872,4367 1878,4373 1884,4373 1887,4370 1893,4370 1896,4373 1902,4373 1905,4370 1920,4370 1923,4367 1932,4367 1935,4370 1941,4370 1944,4373 1947,4373 1950,4370 1953,4373 1974,4373 1977,4376 1980,4373 1989,4382 1995,4382 2004,4373 2016,4373 2019,4376 2022,4376 2025,4373 2028,4373 2037,4382 2052,4382 2058,4376 2064,4376 2073,4385 2076,4385 2079,4388 2083,4391 2086,4394 2092,4394 2095,4397 2113,4379 2134,4379 2137,4382 2149,4382 2152,4385 2155,4382 2161,4382 2164,4385 2167,4382 2170,4382 2173,4385 2179,4385 2182,4382 2185,4382 2188,4379 2191,4382 2194,4382 2197,4385 2200,4385 2203,4388 2209,4388 2218,4379 2227,4379 2230,4382 2233,4379 2242,4379 2245,4382 2248,4382 2257,4391 2281,4391 2284,4388 2287,4388 2290,4385 2293,4385 2296,4388 2303,4388 2306,4385 2321,4385 2324,4388 2327,4385 2333,4385 2336,4388 2339,4388 2342,4385 2369,4385 2372,4388 2375,4388 2384,4397 2402,4397 2402,4249 2375,4249 2372,4252 2369,4252 2366,4255 2363,4255 2348,4270 2342,4270 2339,4267 2333,4273 2330,4273 2327,4277 2324,4273 2318,4273 2315,4277 2309,4283 2306,4283 2303,4280 2299,4280 2287,4292 2284,4292 2278,4298 2272,4298 2254,4316 2248,4316 2239,4307 2224,4307 2221,4310 2218,4307 2215,4310 2209,4310 2197,4322 2194,4322 2191,4319 2188,4322 2179,4322 2176,4325 2173,4322 2170,4322 2167,4325 2161,4325 2155,4319 2152,4322 2131,4322 2128,4319 2125,4319 2122,4316 2116,4316 2113,4313 2095,4313 2092,4316 2086,4316 2083,4319 2073,4319 2070,4316 2055,4316 2052,4313 2040,4313 2022,4295 2004,4295 2001,4298 1995,4292 1989,4292 1986,4289 1983,4292 1980,4292 1977,4295 1968,4295 1965,4298 1962,4298 1959,4295 1950,4295 1932,4277 1929,4273 1896,4240 1893,4240 1890,4237 1887,4237 1884,4240 1875,4240 1866,4249 1862,4252 1856,4258 1850,4258 1847,4255 1838,4255 1835,4258 1832,4258 1820,4270 1817,4270 1814,4273 1811,4277 1805,4283 1796,4283 1793,4286 1775,4286 1772,4283 1760,4283 1754,4277 1751,4273 1742,4264 1736,4270 1727,4270 1721,4264 1706,4264 1703,4261 1700,4261 1691,4252 1682,4252 1679,4249 1658,4249 1652,4255 1642,4255 1624,4273 1621,4277 1618,4280 1615,4280 1609,4286 1606,4286 1591,4301 1588,4301 1585,4304 1582,4304 1579,4307 1567,4307 1564,4304 1561,4304 1558,4301 1555,4304 1528,4277 1519,4277 1516,4280 1513,4277 1510,4273 1507,4270 1504,4270 1501,4267 1498,4267 1492,4273 1489,4270 1486,4270 1480,4264 1471,4264 1468,4261 1465,4261 1462,4258 1456,4264 1432,4264 1426,4270 1422,4267 1419,4264 1416,4264 1413,4261 1407,4261 1389,4243 1386,4243 1383,4246 1371,4246 1368,4249 1365,4249 1359,4255 1350,4255 1332,4273 1329,4277 1326,4277 1320,4283 1317,4283 1314,4286 1308,4286 1305,4289 1299,4283 1293,4289 1290,4289 1278,4277 1275,4277 1272,4273 1257,4273 1254,4270 1251,4270 1248,4267 1245,4267 1230,4252 1221,4252 1215,4258 1199,4258"/>
<Baseline points="1214,4332 1272,4338 1331,4341 1389,4344 1448,4347 1507,4350 1565,4352 1624,4354 1682,4354 1741,4356 1800,4358 1858,4358 1917,4359 1975,4360 2034,4360 2093,4362 2151,4364 2210,4365 2268,4367 2327,4370 2386,4372"/>
<TextEquiv>
<Unicode>des syndicats réunis. </Unicode>
</TextEquiv>
</TextLine>
<TextLine custom="readingOrder {index:27;} textStyle {offset:4; length:1;fontSize:0.0; kerning:0; superscript:true;} person {offset:6; length:6;}" id="r1l28">
<Coords points="1820,4509 1841,4509 1844,4512 1853,4512 1859,4518 1866,4518 1872,4512 1878,4518 1881,4518 1890,4527 1893,4527 1896,4530 1902,4530 1920,4512 1926,4512 1929,4515 1935,4515 1938,4512 1947,4512 1950,4515 1962,4515 1971,4524 1980,4524 1989,4515 1998,4524 2004,4518 2010,4524 2016,4524 2022,4518 2028,4518 2031,4515 2043,4515 2046,4518 2061,4518 2064,4515 2067,4515 2070,4518 2073,4518 2079,4524 2083,4527 2092,4518 2095,4518 2101,4524 2104,4524 2107,4521 2110,4521 2113,4524 2119,4524 2122,4527 2131,4527 2137,4521 2152,4536 2164,4524 2167,4524 2170,4527 2176,4527 2182,4533 2188,4533 2191,4530 2194,4530 2197,4527 2200,4530 2206,4524 2209,4524 2215,4530 2218,4530 2221,4533 2224,4533 2230,4539 2236,4539 2245,4548 2248,4548 2251,4545 2260,4545 2263,4542 2272,4542 2278,4548 2281,4548 2284,4545 2287,4545 2296,4536 2315,4536 2318,4533 2324,4539 2330,4533 2333,4533 2336,4530 2339,4530 2354,4545 2357,4542 2360,4542 2363,4545 2369,4539 2375,4545 2381,4539 2384,4539 2387,4536 2390,4539 2393,4536 2396,4536 2399,4539 2402,4536 2405,4536 2408,4539 2411,4539 2414,4542 2420,4542 2423,4539 2426,4539 2429,4542 2432,4539 2438,4539 2441,4536 2444,4539 2447,4539 2450,4536 2456,4536 2459,4539 2465,4539 2471,4545 2474,4542 2480,4542 2483,4539 2486,4542 2492,4542 2498,4548 2504,4548 2507,4551 2510,4551 2516,4545 2526,4545 2529,4548 2535,4548 2538,4545 2544,4545 2547,4548 2562,4548 2568,4554 2571,4554 2622,4605 2625,4605 2628,4602 2631,4602 2637,4596 2640,4599 2679,4560 2682,4563 2691,4554 2694,4554 2703,4545 2712,4554 2721,4554 2724,4557 2727,4557 2730,4554 2733,4554 2739,4548 2743,4551 2746,4548 2749,4551 2752,4548 2761,4548 2764,4551 2767,4551 2770,4548 2779,4548 2791,4560 2794,4560 2803,4551 2818,4551 2824,4557 2860,4521 2875,4521 2878,4524 2884,4524 2890,4518 2893,4521 2896,4518 2905,4518 2908,4521 2911,4521 2914,4524 2917,4521 2920,4524 2923,4521 2926,4524 2932,4518 2935,4521 2938,4521 2956,4539 2960,4542 2969,4551 2978,4551 2984,4557 2996,4557 2999,4554 3008,4554 3011,4551 3017,4551 3020,4554 3023,4551 3035,4551 3038,4554 3041,4551 3044,4551 3047,4548 3053,4548 3056,4545 3062,4545 3065,4542 3068,4542 3089,4563 3101,4551 3104,4554 3107,4551 3113,4551 3116,4548 3125,4548 3131,4554 3134,4554 3137,4551 3140,4551 3143,4554 3146,4551 3161,4551 3164,4548 3180,4548 3195,4563 3198,4560 3204,4560 3207,4557 3213,4563 3216,4563 3219,4560 3222,4560 3225,4557 3231,4557 3243,4545 3270,4545 3273,4548 3288,4548 3291,4545 3294,4545 3297,4542 3324,4542 3327,4539 3330,4539 3333,4536 3345,4536 3348,4539 3351,4539 3354,4536 3357,4536 3360,4539 3363,4536 3384,4536 3384,4481 3348,4481 3342,4487 3330,4475 3315,4475 3309,4469 3303,4475 3300,4475 3297,4472 3288,4472 3276,4484 3267,4475 3264,4478 3261,4475 3249,4475 3243,4469 3240,4472 3231,4472 3222,4481 3216,4475 3204,4475 3201,4472 3192,4472 3183,4463 3180,4466 3176,4469 3170,4475 3167,4475 3164,4478 3149,4463 3146,4466 3140,4466 3137,4469 3131,4463 3128,4466 3125,4463 3122,4463 3119,4466 3113,4466 3110,4469 3104,4469 3095,4478 3083,4478 3071,4490 3068,4494 3059,4494 3056,4490 3032,4466 3029,4466 3014,4451 3011,4451 3008,4448 3002,4448 2999,4445 2993,4445 2990,4442 2987,4445 2978,4445 2969,4454 2966,4451 2963,4451 2960,4448 2956,4445 2947,4436 2944,4436 2890,4382 2887,4385 2884,4385 2881,4382 2875,4382 2872,4379 2860,4379 2851,4370 2830,4370 2812,4352 2806,4352 2779,4325 2776,4325 2758,4307 2755,4307 2743,4295 2739,4298 2736,4295 2733,4298 2727,4298 2706,4319 2700,4319 2697,4322 2694,4322 2685,4313 2682,4313 2679,4316 2676,4313 2670,4313 2667,4316 2655,4304 2649,4304 2637,4292 2634,4292 2628,4298 2625,4295 2619,4295 2610,4286 2604,4286 2601,4289 2595,4289 2583,4301 2580,4301 2574,4295 2571,4295 2547,4319 2532,4319 2529,4316 2523,4322 2519,4325 2513,4325 2510,4322 2507,4322 2504,4319 2501,4322 2495,4316 2492,4319 2489,4319 2480,4328 2474,4328 2471,4331 2468,4328 2462,4334 2459,4334 2456,4337 2450,4337 2447,4334 2441,4340 2432,4340 2402,4370 2396,4370 2369,4397 2366,4397 2363,4400 2357,4400 2354,4397 2342,4397 2330,4409 2312,4409 2303,4400 2299,4397 2296,4394 2293,4394 2287,4400 2275,4400 2272,4397 2269,4397 2263,4391 2257,4391 2254,4388 2251,4391 2248,4391 2245,4388 2239,4388 2233,4394 2230,4391 2212,4391 2209,4388 2203,4388 2200,4385 2197,4385 2194,4382 2188,4382 2185,4379 2179,4385 2173,4385 2170,4382 2167,4385 2164,4385 2161,4382 2155,4382 2149,4388 2143,4388 2134,4397 2116,4379 2113,4379 2095,4397 2092,4394 2089,4397 2083,4397 2079,4400 2064,4415 2052,4403 2049,4403 2046,4406 2043,4406 2037,4412 2034,4412 2031,4409 2025,4409 2007,4391 2004,4391 1995,4382 1989,4382 1980,4373 1977,4376 1974,4376 1965,4385 1962,4385 1959,4388 1956,4388 1950,4394 1947,4394 1944,4391 1929,4406 1917,4406 1914,4409 1908,4403 1896,4415 1890,4415 1887,4418 1872,4418 1869,4415 1866,4418 1862,4418 1856,4424 1844,4424 1835,4433 1820,4433"/>
<Baseline points="1836,4494 1912,4500 1989,4505 2065,4509 2142,4514 2219,4518 2295,4520 2372,4522 2448,4526 2525,4527 2602,4529 2678,4530 2755,4532 2831,4532 2908,4532 2985,4532 3061,4532 3138,4532 3214,4530 3291,4529 3368,4528"/>
<TextEquiv>
<Unicode>Le né Naudot veut dégager </Unicode>
</TextEquiv>
</TextLine>
<TextLine custom="readingOrder {index:28;}" id="r1l29">
<Coords points="1224,4656 1239,4656 1242,4659 1248,4659 1254,4653 1257,4656 1260,4653 1263,4653 1266,4650 1275,4650 1278,4647 1281,4647 1284,4644 1290,4650 1296,4650 1302,4644 1305,4644 1308,4641 1317,4650 1320,4650 1332,4638 1350,4638 1359,4647 1362,4644 1368,4644 1371,4641 1383,4641 1389,4647 1401,4647 1422,4668 1426,4671 1429,4671 1438,4680 1444,4680 1462,4698 1465,4698 1477,4710 1480,4714 1483,4717 1492,4717 1495,4714 1498,4710 1549,4659 1555,4659 1558,4656 1564,4656 1570,4650 1573,4650 1576,4647 1582,4647 1585,4644 1591,4650 1597,4650 1600,4647 1603,4647 1609,4653 1618,4653 1621,4656 1624,4653 1633,4662 1642,4653 1646,4650 1652,4650 1658,4656 1664,4656 1670,4650 1673,4653 1679,4653 1685,4659 1688,4656 1691,4656 1697,4650 1703,4650 1718,4665 1727,4665 1730,4668 1736,4662 1739,4662 1742,4659 1745,4659 1748,4656 1751,4659 1757,4659 1760,4662 1763,4662 1766,4659 1769,4659 1772,4656 1775,4659 1778,4659 1781,4656 1784,4656 1787,4659 1790,4659 1793,4662 1799,4656 1805,4656 1811,4662 1814,4662 1817,4665 1820,4665 1823,4668 1826,4668 1829,4671 1835,4671 1838,4668 1844,4668 1850,4662 1853,4665 1856,4662 1862,4662 1866,4659 1869,4656 1875,4656 1878,4659 1881,4659 1884,4662 1887,4662 1890,4665 1893,4662 1899,4668 1902,4665 1908,4665 1911,4662 1914,4662 1917,4665 1920,4662 1923,4662 1926,4665 1935,4665 1941,4659 1947,4659 1950,4662 1971,4662 1974,4665 1983,4665 1989,4671 1998,4662 2001,4662 2019,4680 2022,4680 2025,4677 2031,4677 2034,4680 2040,4680 2043,4677 2046,4680 2049,4680 2067,4662 2070,4662 2079,4671 2083,4674 2086,4671 2089,4671 2095,4665 2101,4665 2104,4668 2113,4668 2116,4665 2122,4665 2134,4677 2137,4677 2140,4680 2155,4680 2158,4677 2161,4680 2164,4677 2173,4686 2185,4686 2191,4680 2203,4680 2209,4686 2215,4686 2224,4677 2230,4683 2233,4680 2236,4680 2239,4683 2242,4683 2245,4686 2251,4680 2254,4683 2257,4683 2263,4689 2266,4689 2269,4686 2272,4686 2275,4689 2278,4689 2287,4680 2290,4680 2299,4689 2303,4692 2315,4692 2318,4689 2324,4689 2327,4692 2333,4692 2342,4683 2354,4695 2369,4695 2372,4698 2378,4692 2381,4692 2384,4689 2387,4692 2396,4683 2399,4686 2408,4686 2411,4683 2423,4683 2429,4689 2432,4689 2438,4695 2444,4695 2453,4686 2459,4686 2462,4689 2465,4689 2468,4692 2474,4692 2477,4695 2483,4695 2486,4698 2489,4698 2495,4692 2498,4692 2501,4689 2507,4689 2510,4686 2513,4689 2516,4689 2519,4692 2523,4689 2532,4689 2535,4692 2538,4692 2541,4695 2544,4692 2550,4698 2553,4698 2556,4701 2562,4695 2565,4695 2571,4701 2577,4701 2586,4710 2592,4704 2595,4704 2598,4701 2610,4701 2619,4692 2625,4692 2634,4701 2643,4701 2646,4698 2655,4698 2661,4704 2670,4704 2676,4698 2679,4698 2682,4695 2685,4698 2688,4698 2691,4701 2700,4701 2703,4698 2712,4698 2715,4701 2721,4701 2724,4698 2733,4698 2739,4704 2743,4707 2746,4710 2749,4714 2752,4714 2758,4720 2761,4720 2767,4714 2770,4710 2773,4714 2779,4720 2782,4720 2785,4717 2788,4717 2791,4714 2794,4714 2797,4710 2806,4701 2812,4701 2821,4710 2824,4714 2833,4714 2836,4710 2854,4710 2857,4707 2863,4707 2866,4704 2869,4707 2872,4704 2884,4704 2887,4701 2890,4701 2893,4704 2899,4704 2902,4701 2905,4701 2908,4704 2911,4704 2914,4707 2932,4707 2935,4704 2950,4704 2953,4707 2956,4707 2960,4704 2966,4704 2969,4701 2984,4701 2993,4710 2996,4714 2999,4710 3002,4707 3011,4707 3014,4704 3020,4704 3023,4707 3026,4707 3032,4701 3035,4701 3038,4698 3050,4698 3053,4701 3056,4698 3062,4704 3065,4704 3068,4701 3074,4707 3083,4707 3086,4704 3089,4704 3092,4707 3095,4707 3101,4701 3107,4701 3110,4698 3116,4704 3119,4701 3128,4701 3131,4698 3164,4698 3170,4704 3180,4704 3183,4701 3192,4701 3201,4710 3204,4714 3207,4714 3237,4744 3240,4744 3249,4753 3255,4753 3258,4750 3261,4753 3264,4750 3273,4750 3276,4753 3279,4753 3282,4756 3288,4756 3291,4759 3294,4759 3303,4750 3306,4750 3312,4756 3351,4756 3351,4641 3336,4641 3333,4644 3330,4644 3327,4647 3324,4647 3306,4629 3303,4629 3300,4626 3297,4626 3270,4599 3264,4599 3258,4593 3243,4593 3234,4584 3231,4584 3222,4575 3219,4575 3213,4569 3210,4569 3207,4566 3201,4566 3198,4569 3180,4551 3176,4548 3164,4548 3161,4551 3146,4551 3143,4554 3140,4554 3131,4563 3119,4563 3116,4560 3110,4560 3107,4557 3104,4560 3101,4560 3098,4557 3095,4557 3089,4563 3065,4539 3044,4539 3032,4551 3029,4551 2999,4581 2996,4581 2993,4584 2987,4584 2963,4608 2960,4608 2956,4611 2941,4626 2932,4617 2929,4620 2917,4620 2914,4623 2911,4623 2905,4629 2902,4629 2899,4626 2893,4626 2887,4620 2863,4620 2860,4623 2857,4620 2854,4620 2845,4611 2842,4614 2833,4614 2821,4626 2812,4626 2809,4623 2797,4623 2764,4590 2758,4590 2755,4587 2752,4590 2743,4590 2739,4593 2733,4593 2727,4587 2724,4587 2715,4578 2712,4578 2709,4581 2706,4581 2703,4584 2700,4581 2688,4593 2679,4584 2676,4584 2664,4572 2658,4578 2652,4578 2640,4566 2637,4566 2622,4551 2619,4551 2616,4554 2613,4554 2610,4557 2607,4554 2598,4554 2595,4551 2592,4551 2589,4548 2580,4548 2574,4554 2568,4554 2562,4548 2553,4548 2550,4551 2547,4548 2544,4548 2541,4551 2538,4551 2535,4548 2529,4548 2526,4545 2516,4545 2507,4554 2501,4548 2498,4548 2492,4542 2474,4542 2471,4545 2465,4539 2459,4539 2456,4536 2450,4536 2447,4533 2432,4548 2429,4548 2423,4542 2414,4551 2396,4551 2393,4548 2369,4548 2366,4551 2360,4551 2354,4545 2324,4575 2321,4575 2315,4581 2303,4581 2299,4578 2272,4551 2269,4551 2260,4560 2257,4560 2254,4557 2251,4560 2248,4560 2224,4584 2215,4575 2212,4575 2209,4578 2206,4578 2203,4575 2197,4581 2164,4581 2161,4578 2158,4581 2149,4581 2146,4578 2140,4578 2128,4566 2125,4566 2122,4563 2116,4563 2110,4569 2083,4542 2073,4542 2064,4533 2061,4533 2043,4515 2031,4515 2028,4518 2022,4518 2019,4521 2016,4521 2013,4524 2001,4524 1998,4527 1989,4527 1986,4530 1977,4530 1962,4515 1950,4515 1947,4518 1944,4518 1938,4524 1929,4524 1923,4530 1917,4524 1905,4524 1890,4539 1881,4539 1869,4551 1866,4551 1862,4548 1859,4551 1853,4551 1838,4566 1835,4563 1832,4566 1826,4566 1808,4548 1805,4548 1802,4545 1796,4545 1793,4542 1790,4542 1787,4539 1766,4560 1760,4560 1751,4569 1748,4569 1739,4578 1730,4578 1718,4590 1703,4590 1697,4584 1694,4584 1676,4566 1673,4566 1646,4539 1642,4536 1639,4536 1621,4518 1618,4521 1612,4515 1606,4515 1600,4521 1594,4515 1585,4515 1576,4524 1570,4524 1558,4536 1555,4536 1543,4548 1540,4548 1534,4542 1528,4548 1525,4548 1519,4542 1507,4542 1504,4539 1495,4539 1486,4530 1483,4530 1459,4506 1456,4506 1450,4500 1447,4500 1441,4494 1438,4490 1426,4478 1422,4475 1380,4433 1377,4433 1371,4427 1365,4433 1362,4433 1314,4481 1311,4481 1302,4490 1299,4494 1290,4494 1287,4497 1284,4497 1281,4500 1275,4500 1272,4503 1269,4503 1263,4509 1260,4509 1257,4512 1251,4512 1248,4515 1245,4515 1242,4518 1224,4518"/>
<Baseline points="1240,4622 1344,4626 1449,4629 1554,4634 1659,4638 1764,4643 1868,4648 1973,4653 2078,4658 2183,4663 2288,4668 2392,4672 2497,4677 2602,4682 2707,4685 2812,4688 2916,4690 3021,4692 3126,4692 3231,4692 3336,4692"/>
<TextEquiv>
<Unicode>sa responsabilité et une discussion assez</Unicode>
</TextEquiv>
</TextLine>
<TextLine custom="readingOrder {index:29;}" id="r1l30">
<Coords points="1266,4831 1287,4831 1308,4810 1314,4810 1335,4789 1341,4789 1344,4792 1347,4792 1353,4798 1356,4795 1359,4795 1362,4798 1368,4792 1371,4795 1374,4795 1377,4798 1380,4798 1383,4801 1386,4798 1389,4798 1404,4783 1429,4783 1435,4789 1438,4789 1441,4792 1447,4792 1450,4789 1453,4789 1459,4783 1477,4783 1483,4789 1486,4789 1489,4792 1495,4792 1498,4795 1507,4795 1510,4792 1513,4795 1516,4795 1519,4798 1522,4795 1525,4795 1528,4798 1537,4789 1552,4789 1555,4792 1561,4792 1564,4795 1582,4795 1588,4801 1594,4801 1597,4804 1603,4798 1630,4798 1633,4801 1639,4801 1642,4804 1661,4804 1664,4807 1670,4807 1673,4804 1676,4807 1685,4807 1694,4798 1697,4798 1700,4795 1706,4795 1712,4801 1715,4801 1718,4798 1721,4798 1724,4801 1727,4801 1733,4807 1736,4807 1739,4804 1745,4810 1748,4807 1754,4807 1757,4804 1763,4804 1766,4807 1778,4807 1784,4801 1787,4804 1790,4804 1796,4810 1799,4810 1802,4807 1814,4807 1817,4810 1820,4807 1823,4807 1826,4804 1832,4810 1835,4810 1838,4813 1844,4813 1847,4816 1850,4816 1856,4822 1872,4822 1872,4735 1847,4735 1844,4738 1841,4738 1838,4741 1835,4741 1832,4738 1823,4747 1817,4741 1790,4741 1787,4738 1781,4738 1772,4729 1757,4729 1745,4717 1742,4720 1736,4720 1733,4723 1730,4723 1724,4729 1721,4729 1718,4732 1712,4732 1706,4738 1703,4738 1700,4741 1697,4741 1694,4744 1691,4744 1682,4735 1679,4735 1658,4714 1655,4710 1652,4710 1649,4714 1646,4714 1642,4717 1636,4717 1633,4714 1627,4714 1624,4710 1618,4704 1615,4704 1603,4692 1600,4695 1594,4695 1588,4701 1582,4701 1579,4698 1576,4698 1567,4689 1564,4692 1561,4692 1543,4710 1537,4710 1534,4714 1531,4710 1528,4714 1507,4735 1501,4735 1498,4738 1486,4738 1480,4744 1474,4738 1471,4741 1468,4741 1459,4732 1456,4732 1453,4729 1447,4729 1444,4726 1438,4726 1435,4723 1429,4723 1426,4726 1422,4726 1410,4714 1407,4710 1404,4707 1401,4707 1386,4692 1383,4692 1377,4686 1374,4686 1353,4665 1347,4665 1344,4662 1341,4662 1338,4659 1332,4659 1329,4662 1323,4662 1317,4668 1314,4665 1305,4674 1299,4674 1290,4683 1287,4683 1281,4677 1266,4677"/>
<Baseline points="1282,4788 1310,4785 1339,4782 1368,4781 1396,4779 1425,4778 1454,4778 1482,4779 1511,4779 1540,4780 1569,4780 1597,4781 1626,4782 1655,4784 1683,4784 1712,4786 1741,4787 1769,4788 1798,4788 1827,4788 1856,4786"/>
<TextEquiv>
<Unicode>vive s'ensuit. </Unicode>
</TextEquiv>
</TextLine>
<TextEquiv>
<Unicode>qu'elle n'accorde rien, et qu'il faut 
l'activer.
Le né Thomas se plaint des 
maisons Ferrier François, Fener Charles 
et Atuyer. 
Le né Polo dit qu'au sujet 
de la mon Atuyer, la Commission Exécutive 
a été trompée par un maître de cette 
maison. Il attaque alors le né Dard
s'il a eu, dit-il le tempérament de 
calomnier la Commission Exécutive par 
derrière,il est assez lâche de se dérober
à elle de ne pas se défendre à cette 
tribune.
Le né Monneret propose 
la nomination d'une Commission d'arbi¬
trage de cinq membres, qui compren¬
drait : 2 patrons, 2 ouvriers, 1 conseiller
prud'homme. Elle serait chargée
d'établir un tarif fixe et durable que 
les prud'hommes pourraient faire payer. 
Puis les nés Serre et Viannet 
attaquent le né Baudot qui d'après 
eux, aurait mis de la négligence 
à faire circuler une liste qui lui 
avait été remise par la Commission 
des syndicats réunis. 
Le né Naudot veut dégager 
sa responsabilité et une discussion assez
vive s'ensuit. </Unicode>
</TextEquiv>
</TextRegion>
</Page>
</PcGts>