3888 5184
48 918 99 966 2s
1489 297 3356 556 Le né Bamelond parle de
1197 442 3171 717 la Commission d'arbitrage et Polo
1191 624 3345 823 déclare qu'il y a lontemps que cette
1238 772 2680 976 Commission devrait exister.
1608 889 3247 1131 Il propose ensuite la mise
1221 1036 3326 1298 à l'index de la mon Atuyer, fait
1221 1213 3397 1437 un appel aux maîtres de cette maison
1208 1385 1818 1578 et ajoute :
1750 1491 3217 1728 Quand au renégat Dard
1191 1589 3315 1854 il faut l'abandonner, lui expliquer
1189 1775 3342 1993 ce que l'on appelle vulgairement la
1191 1917 3288 2126 loi américaine, la loi du silence
1208 2053 3244 2274 qui s'adresse à tous les lâches.
1508 2216 3337 2443 Citoyens puisque vous connaissez
1180 2342 3111 2593 cette loi, tâchez de l'appliquer.
1589 2500 3277 2677 Après une discussion sur
1205 2554 3318 2830 la meilleure manière de répartir des
1216 2797 3239 3010 secours aux grévistes, on maintient
1224 2903 3291 3089 la mise à l'index des maisons
1262 3015 3345 3236 Cotte et Ducoté, Guivet-Delaroche
1213 3187 3329 3389 Ronchant-Bonvalot et Bessières.
1671 3342 3386 3520 La maison Atuyer est mise
1227 3465 3351 3672 pour la deuxième fois à l'index et
1178 3601 3334 3798 l'atelier du né Dard mis à l'index
1219 3757 1889 3934 à perpétuité.
1728 3866 3413 4068 La séance est ensuite levée et la sortie
1221 3967 3386 4226 s'effectue sans incident. Une quête peu fruc¬
1200 4141 3405 4392 tueuse a été faite au bénéfice des ouvrières grévistes de la Mon Gindre.
2096 4307 3326 4487 Lyon, le 25 Décembre 1894
2050 4447 3312 4646 Le Commissaire Spécial
2280 4661 3020 4808 L. Perny
