3888 5184
1998 505 2734 624 Rapport
1520 824 3446 986 Conformément aux décisions prises dans la
1272 962 3474 1140 réunion privée des tisseurs, tenue le 26 courant, salle
1278 1105 3516 1280 Deconges, Bd de la Croix Rousse, 133, une délégation
1250 1249 3510 1420 de trois membres prise parmi les chefs d'atelier de la
1252 1401 3562 1562 chambre syndicale des tisseurs de la rue Donnée n°2
1246 1544 3508 1704 ainsi que parmi les chefs d'atelier de la chambre
1256 1692 3518 1839 syndicale de l'Union des tisseurs et similaires dont
1258 1836 3562 1971 le siège est rue des Capucins, 27, s'est rendue ce matin
1252 1985 3566 2122 de 9h à 11h auprès des fabricants dont les maisons
1242 2117 3538 2258 sont à l'index. Elle leur a exposé qu'elle avait
1238 2267 3410 2408 été chargée par les compagnons tisseurs de leur
1234 2423 3462 2550 demander une augmentation des prix de façon
1246 2565 3366 2688 et qu'elle avait pour mandat de soumettre à
1268 2709 3556 2830 M. M. les fabricants les desiderata des compagnons
1252 2855 3490 2974 grévistes, soit le rétablissement des tarifs de 1880,
1238 3003 3518 3118 qui comporteraient une augmentation de 50%
1198 3147 2126 3270 sur les prix actuels.
1580 3293 3308 3404 Les fabricants ont fait comporendre à la
1228 3435 3452 3548 délégation que la demande des grévistes était
1244 3576 3552 3699 inacceptable en raison de la concurrence étrangère
1226 3714 3556 3833 mais qu'ils étaient disposés à faire des concessions
1244 3846 3484 3965 pour éviter un conflit préjudiciable à l'industrie
1256 3981 3558 4124 de la soierie lyonnaise. Ils ont donné à entendre
1264 4125 3488 4258 qu'ils pourraient augmenter le prix de façon de
1272 4265 3406 4398 0.25f par mètre pour les articles courants, soit
1268 4417 3446 4556 une augentation moyenne de 20 à 25% sur
1256 4569 2446 4676 les prix payés actuellement.
