3888 5184
1290 475 3382 668 La délégation a déclaré à ces Messieurs qu'elle
1246 619 3332 816 désirerait avoir des propositions fermes de leur
1234 780 3554 957 part, pour pouvoir les soumettre ce soir aux grévistes
1242 918 3014 1095 qui doivent se réunir pour les discuter.
1498 1056 3518 1222 Les fabricants ont invité alors la délégation
1254 1197 3558 1376 à repasser dans leurs bureaux vers 5heures pour
1262 1359 3446 1516 que connaissance puisse leur être donnée des
1250 1515 2696 1656 décisions prises de concert.
1472 1633 3522 1794 En effet, cet après-midi, les chefs des maisons
1252 1775 3546 1934 mises à l'index se sont réunis pour s'entendre au
1214 1935 3306 2086 sujet de la réponse à donner aux ouvriers.
1518 2079 3482 2214 Vers 5 heures la délégation est retourné chez
1278 2223 3400 2364 eux et ils lui ont fait connaître qu'ils étaient
1266 2377 3450 2502 décidés à accorder une augmentation de 25 à
1266 2519 3582 2652 30% . La délégation a répondu qu'elle rendrait
1280 2667 3466 2790 compte à la réunion de ce soir des propositions
1254 2825 1590 2936 faites.
1530 2963 3582 3076 Seuls, M. M. Béraud, Atuyer et Schulz
1302 3115 3430 3222 sont dans cet arrangement : le quatrième
1272 3262 3506 3372 fabricant mis à l'index, M. Cresca, reste en
1280 3400 3490 3516 dehors : il a refusé d'entrer en pourparlers avec
1240 3542 3612 3657 les délégués disant qu'il s'était mis d'accord avec
1246 3678 3544 3805 les chefs d'atelier à qui il avait accordé une
1310 3814 3568 3935 augmentation de 25 centimes par mètre et que
1314 3950 3546 4085 si les compagnons ne voulaient pas travailler
1322 4092 2366 4206 il s'en désintéressait.
1714 4237 3366 4378 La situation est toujours calme.
1326 4383 3370 4540 Quelques grévistes ont déjà repris le
1318 4543 3410 4686 travail ; nombre d'ailleurs seraient
