3888 5184
296 232 432 356 328
466 292 1254 402 du 24 Novembre 1894
530 538 1194 630 Préfecture du Rhône
450 754 1258 844 Commissariat Spécial
310 1086 1266 1194 Mouvement des Tisseurs
2162 391 2894 511 Rapport
1672 577 3522 747 La situation est restée aujourd'hui telle
1402 723 3526 907 que je l'ai exposée dans mon rapport d'hier.
1432 861 3542 1032 Le nombre des ouvriers grévistes est stationnaire
1400 1005 3562 1174 ou à peu près. Les délégués de la Commission
1394 1153 3570 1316 ont continué leurs rondes chez les chefs d'atelier,
1408 1290 3542 1459 mais nulle part il ne s'est produit d'incident.
1394 1444 3426 1601 On ne constate pour le moment aucune
1406 1582 3584 1739 effervescence pouvant faire présager quelques
1410 1724 3562 1871 désordres, bien que parmi les meneurs du
1394 1863 3546 2017 mouvement il y ait des individus connus
1398 2009 3604 2165 pour leurs opinions avancées, tels que le né
1398 2165 3602 2310 Serre et le né Taix qui avait quitté Lyon il
1392 2315 3502 2450 y a plusieurs années et est de retour depuis
1378 2480 2134 2597 quelques jours.
1590 2608 3502 2733 Les fabricants ont toujours l'intention
1396 2761 3624 2883 d'accorder une augmentation des prix de façon
1394 2913 3602 3039 mais jusqu'à présent il n'ont pas tenu de
1396 3065 3202 3189 réunion pour se concerter à ce sujet.
1632 3217 3630 3331 Le Syndicat ouvrier des tisseurs et similaires
1410 3367 3510 3485 8, rue d'Austerlitz, va, paraît-il, mettre en
1406 3512 3620 3630 circulation des listes de souscriptions au bénéfice
1404 3656 3598 3776 des ouvriers en gève qui n'ont pas encore de
1406 3800 3636 3922 travail ou de ceux qui en ont trouvé de moins
1424 3945 3650 4079 rémunérateur que lorsqu'ils travaillaient pour
1396 4095 2736 4207 les maisons mises à l'index.
1680 4249 3662 4389 Lundi soir aura lieu une réunion privée de la
1400 4407 3666 4559 Corporation dans laquelle il sera rendu compte des mesures prises.
2540 4571 3636 4717 Lyon le 24 Novembre 1894,
2564 4735 3442 4865 Le Commissaire Spécial,
2617 4907 3303 5004 L. Perny
