3888 5184
306 387 1200 488 du 26 Novembre 1894
518 625 1154 716 Préfecture
630 743 1034 832 du Rhône
382 969 1210 1064 Commissariat Spécial
270 1255 1186 1360 Mouvement des Tisseurs
2070 534 2630 655 Note
1530 839 3350 1018 Rien de nouveau à signaler
1278 979 3434 1204 pour le mouvement des ouvriers tisseurs.
1534 1154 3346 1319 Ainsi que je l'avais annoncé
1274 1308 3210 1495 des listes de souscriptions ont été
1270 1458 3262 1651 déposées hier matin, dans divers
1298 1618 3270 1794 établissements, tels que cfés et
1266 1764 3298 1958 épiceries-comptoirs du quartier
1270 1922 3298 2107 de la Croix-Rousse pour venir en
1288 2083 3278 2255 aide aux grévistes qui n'ont pas
1284 2225 3490 2399 encore trouvé du travail depuis qu'ils
1282 2380 3414 2559 ont quitté les métiers des maisons
1254 2564 2362 2701 mises à l'index.
1770 2694 3444 2831 Le né Taix, socialiste révo¬
1298 2856 3450 3001 lutionnaire bien connu est en effet
1312 3010 3500 3161 de retour à Lyon depuis une quinzaine
1286 3166 3438 3309 de jours, venant, paraît-il du dépôt
1270 3322 3422 3469 d'Albigny ou il aurait été employé
1258 3480 3198 3629 en qualité d'infirmier mais il
1270 3638 3446 3771 reste étranger au mouvement actuel ;
1282 3802 3504 3921 les ouvriers le tiennent en suspicion
1290 3960 3422 4079 et le laissent à l'écart ne voulant
1298 4116 3454 4235 nullement qu'il se mêle de leurs
1344 4280 1634 4397 affaires.
2176 4420 3472 4547 Lyon le 26 Novembre 1894
2162 4536 3396 4613 Le Commissaire Spécial
2136 4541 3422 4668 L. Perny
