3888 5184
154 168 1026 290 du 23 Mars 1895
294 424 990 538 Préfecture du Rhône
224 650 1092 766 Commissariat Spécial
268 1006 1112 1128 Mouvement des tisseurs
136 1302 1094 1418 Réunion publique à
144 1442 1062 1564 la Brasserie française
1982 292 2756 418 Rapport
1450 651 3542 805 Une réunion publique organisée
1234 798 3366 965 par la Commission des syndicats
1228 946 3422 1115 réunis du tissage a eu lieu hier à
1230 1107 3558 1257 la Brasserie française rue des Ecoles, 8.
1492 1251 3446 1395 La séance ouverte à 9heures du
1244 1420 2558 1552 soir a été levée à 11h 1/2.
1460 1547 3414 1680 500 personnes environ dont une
1248 1691 3314 1831 centaine de femmes y assistaient.
1502 1846 2946 1974 L'ordre du jour portait :
1348 1994 3198 2122 Défense des intérêts de la Corporation
1552 2140 3358 2264 Le bureau d'ordre était composé
1228 2303 2026 2427 comme suit :
1438 2443 2598 2563 Président : Jaffeur
2086 2590 2684 2701 Secrétaire : Simond
2064 2734 3220 2849 Assesseurs : Breton et Faure
1712 2883 3448 2998 La parole est immédiatement
1210 3036 3554 3162 donnée au né Naudot, rapporteur de
1244 3187 3552 3305 la commission des syndicats réunis
1258 3331 3518 3453 du tissage qui donne lecture d'un
1218 3478 3434 3608 rapport énumérant les travaux de
1244 3618 3548 3738 ladite commission et rappelant les
1228 3754 3528 3876 phases de la grève du tissage ; il
1244 3900 3584 4026 ajoute que la commission considère
1258 4048 3572 4174 sa tache comme terminée mais que
1248 4198 3444 4316 néanmoins elle subsistera toujours
1206 4352 3288 4468 pour être à la disposition des
1248 4495 1866 4615 syndicats.
