3888 5184
1330 461 3362 661 Il critique la maison Claude-
1202 613 3550 815 Joseph Bonnet qui, après avoir fait
1222 762 3574 943 droit aux réclamations des tisseurs
1218 906 3594 1083 en applicant le tarif de 1885 revient
1182 1044 3522 1229 aujourd'hui sur sa détermination
1214 1188 3594 1357 et déclare que si au 31 mars
1206 1328 3522 1493 les fabricants n'appliquent pas ce
1226 1481 3538 1631 tarif, elle paiera ses ouvriers comme
1226 1647 2154 1771 avant la grève.
1478 1767 3574 1899 Naudot dit ensuite que la Commis¬
1196 1916 3590 2051 ¬sion a adressé le 6 mars à M. le Préfet
1206 2054 3446 2191 une lettre demandant l'arbitrage
1210 2215 3574 2334 entre ouvriers et fabricants pour régler
1206 2365 2160 2476 les prix de façon
1578 2508 3426 2614 Sur l'observation du n e Serre
1198 2656 3608 2767 que la commission ne devrait se retirer
1232 2806 3508 2913 qu'avec l'assentiment des ouvriers
1222 2954 3588 3075 qui l'ont élue, le n é Polo fait remarque,
1204 3098 3440 3229 que cette défection est motivée par les
1232 3248 3604 3377 décisions prises par les chefs d'atelier
1218 3392 3552 3521 de la maison Claude-Joseph Bonnet
1240 3536 3600 3675 qui ont demandé une diminution
1228 3679 3604 3819 afin de faire concurrence aux autres
1238 3811 2086 3933 chefs d'atelier.
1572 3947 3480 4115 Il accuse les maîtres Charier
1244 4105 3480 4256 et Langson d'être les auteurs de
1232 4262 3538 4431 ce mouvement rétrograde et engage
1240 4416 3354 4583 les ouvriers à lutter avec énergie
1216 4576 3644 4759 contre les chefs d'atelier de cette maison
