3888 5184
1414 435 3354 594 Le n é Raupan, chef d'atelier
1134 587 3314 754 de la maison Bonnet déclare que
1146 743 3330 884 cette maison n'a rien à se reprocher,
1168 884 3318 1048 elle s'est engagée à ne pas donner
1168 1038 3298 1186 de pièces jusqu'à la fin du mois.
1436 1183 3106 1320 Le n e Badin dit que les
1180 1335 3096 1466 chefs d'atelier de la maison
1172 1475 3176 1616 Bonnet ne sont pas les seuls à
1154 1625 3318 1758 demander une diminution, les
1178 1767 3274 1903 faiseurs d'uni en font autant
1440 1913 3206 2025 Il ajoute que si ces derniers
1154 2061 3358 2182 peuvent consentir à des diminutions
1176 2205 3328 2332 il ne faut pas qu'ils entraînent
1156 2350 3202 2470 les ouvriers en façonnés, qui ne
1154 2490 2994 2608 peuvent supporter de baisse.
1458 2635 3250 2744 Le n e Serre réfute les paroles
1154 2779 3314 2898 du précédent orateur, disant qu'il
1138 2927 3302 3040 ne peut y avoir de division dans
1166 3072 3186 3178 le tissage, car un ouvrier est
1154 3212 3392 3332 appelé à faire selon la circonstance
1152 3355 3208 3462 l'uni et le façonné. Il propose
1168 3490 3280 3596 que les chefs d'atelier de la m on
1194 3620 3088 3736 Bonnet soient unis à l'index
1448 3746 3120 3872 Le n e Juffard dit que cette
1184 3896 3356 4020 maison avait pris l'engagement
1216 4029 3366 4162 d'attendre à la fin du mois pour
1188 4173 3332 4298 prendre une décision et que ce sont
1192 4307 3124 4426 les maîtres d'atelier qui sont
1192 4449 3360 4592 allés demander du travail
1216 4587 3298 4740 sans conditions ; il demande les noms
