3888 5184
1224 317 2210 506 de ces "renégats"
1534 399 3370 620 Le n e Badin déclare que ce
1214 556 3514 797 n'est pas aux syndicats à donner
1242 708 3482 949 les noms, mais bien aux maîtres
1244 858 3334 1107 de la m on Bonnet qui n'ont
1234 1012 3318 1251 pas été compromis dans cette
1250 1254 1712 1395 affaire.
1610 1326 3514 1507 Le n e Chanet peut critiquer
1252 1474 3446 1681 l'administration des syndicats
1254 1625 3474 1835 mais l'assemblée lui est hostile et
1264 1773 3318 1969 il est obligé de quitter la tribune
1574 1924 3570 2099 Le n e Polo déclare que la chambre
1256 2080 3398 2263 syndicale ouvrière met à l'index
1290 2218 3482 2401 les 64 maîtres de la m on Bonnet
1266 2374 3558 2557 qui ont demandé la diminution
1278 2524 3550 2699 et engage les ouvriers à ne pas aller
1274 2711 2402 2841 travailler chez eux.
1604 2831 3374 2959 Il ajoute que la délégation
1278 2973 3470 3122 des syndicats réunis demandera
1302 3117 3622 3266 à M le Préfet la constitution d'une
1326 3280 2746 3409 commission arbitrale.
1680 3412 3254 3533 Le n e Clajel dit que la
1336 3550 3620 3677 commission fera son possible pour
1312 3695 2652 3816 arriver à une entente.
1698 3832 3526 3953 Le n e Jaffeu vient traiter la
1312 3976 3506 4099 question d'arbitrage régie par
1288 4122 3418 4239 la loi de 1892 et la circulaire de
1342 4264 3370 4379 janvier 1893 et ajoute : "je suis
1322 4410 3474 4529 surpris que M. le Préfet du Rhône
1336 4556 3304 4673 ont attendu la demande des
