3888 5184
1030 346 3246 516 interéssés pour s'occuper de cette
1082 550 1794 664 question
1398 643 3266 798 Il termine en disant qu'il
1082 793 3250 949 faut que la commission syndicale
1080 955 3110 1085 s'adresse à M. le Préfet et au
1088 1124 1960 1238 juge de Paix
1398 1230 3186 1370 Le n e Serre demande encore
1048 1385 3130 1518 quel a été le rôle du président
1078 1544 3174 1666 du syndicat de la rue Donnée
1054 1677 3290 1811 dans l'affaire de la m on Bonnet
1422 1823 3270 1943 Le n e Berton, président du
1074 1971 3138 2094 dit syndicat déclare qu'il n'a
1074 2115 3106 2240 pas agi isolément et que c'est
1054 2262 3282 2384 au syndicat qu'il faut en réferer
1416 2408 3304 2514 Une discusion s'engage entre
1066 2557 3168 2666 les n es Serre, Badin, Rampon et
1088 2705 3300 2816 Viallet au sujet des responsabilités
1054 2849 3138 2960 encourues par les maîtres de la
1072 2991 1860 3104 m on Bonnet
1446 3127 3034 3240 Le n é Clavel dit : "Vous
1062 3291 3198 3395 cherchez à connaître les noms des
1062 3425 3200 3529 64, ils ont porté au bulletin secret
1068 3553 3044 3677 c'est impossible il faut clouer
1062 3691 3248 3814 au pilori la délégation qui est
1076 3841 3284 3966 allée demander la diminution
1426 3969 3126 4098 Le n e Polo veut les noms des
1084 4113 3252 4254 chefs d'atelier qui ont fait partie
1078 4255 2114 4366 de la délégation.
1460 4401 2272 4518 Le n é Berton
2384 4421 3160 4552 dit qu'il ne
1060 4541 3082 4696 les a pas présents à la mémoire
