3888 5184
414 350 1230 413 Du 27 novembre 1894
496 594 1164 643 PREFECTURE DU RHONE
402 812 1248 861 COMMISSARIAT SPECIAL
352 1276 1270 1339 Mouvement des Tisseurs
2114 408 2838 547 RAPPORT
1698 584 3618 767 La réunion privée tenue hier soir par les
1380 735 3638 925 ouvriers tisseurs, salle Desconges, Boulevard de la
1396 875 3598 1061 Croix-Rousse, 133, (angle de la rue Duviard) a été
1386 1011 3682 1199 présidée par le n é Labrosse, assisté des n és Gadoux
1370 1167 3626 1338 et Vasserat connu assesseurs, et du n é Laroux
1358 1362 1778 1480 secrétaire.
1722 1458 3614 1602 La séance a été ouverte à 9 heures et
1372 1631 2740 1752 terminée à 10 heures et quart.
1686 1745 3478 1874 Environ 200 individus y assistaient.
1718 1886 3634 2023 Les trois syndicats des Tisseurs de la rue
1390 2026 3684 2173 Donnée, de l'Union des Tisseurs et similaires et
1352 2180 3650 2323 des Tisseurs fédérés avaient été invités à se faire
1354 2330 3590 2469 représenter à cette réunion et y avaient envoyé
1364 2480 3210 2611 chacun un Délégation de trois membres.
1680 2624 3694 2743 Le n é Serre a rendu compte des Démarches
1350 2776 3736 2901 faites par la Commission exécutive, pour procurer
1362 2928 3718 3049 du travail aux ouvriers grévistes qu'ont quitté les
1360 3082 3684 3197 métiers des Maisons mises à l'index, ainsi que
1334 3232 3674 3349 pour fournir des secours à ceux d'entre eux qui
1354 3376 3748 3491 sont chargés de famille et dont le gain journalier
1348 3524 3744 3639 est inférieur à celui qu'ils avaient avant la mise
1366 3671 1926 3772 à l'index.
1688 3805 3680 3918 Le n é Chabert, membre de la délégation
1362 3952 3590 4073 du Syndicat des Tisseurs de la rue Donnée, qui
1348 4102 3604 4221 s'était rendue dans l'après-midi d'hier chez les
1362 4250 3608 4381 fabricants à l'index, à rendre compte de
1454 4408 3431 4527 l'entrevue que la Délégation a eue avec ces
1391 4548 1851 4656 Messieurs.
3450 4689 3646 4810 Il
