3888 5184
1292 563 3570 720 Il a fait connaître que les fabricants étaient
1098 707 3590 874 tout disposés à accorder une augmentation variant
1098 856 3566 1017 de 15 à 25 centimes par mètre, mais qu'ils ne
1102 994 3610 1151 pouvaient absolument pas accepter de payer les prix
1102 1157 1986 1287 du tarif de 1880.
1450 1277 3558 1411 Le n é Chabert a ajouté que la délégation
1090 1419 3570 1557 ne s'était engagée en rien vis-à-vis des fabricants
1110 1559 3522 1695 leur expliquant seulement qu'elle se bornerait
1098 1705 3518 1834 à faire part aux ouvriers des propositions qui
1090 1857 1946 1966 lui étaient faites.
1414 1985 3514 2100 Les n és Darnon, Edouard et Bonnefond,
1098 2129 3478 2244 prennent ensuite successiement la parole pour
1090 2275 3572 2386 exposer la situation malheureuse faite depuis
1092 2420 3528 2528 longtemps aux ouvriers tisseurs et engagent ces
1096 2563 3584 2669 derniers à se montrer énergiques en n'hésitant pas
1092 2703 3392 2816 à quitter les métiers des Maisons à l'index.
1416 2841 3540 2960 Un n é Dard après avoir critiqué d'une
1096 2989 3512 3110 manière violente la faiblesse et le manque de
1108 3131 3556 3254 solidarité des ouvriers, veut entrer sur le terrain
1112 3278 3610 3406 politique, mais il est rappelé à l'ordre et comme
1106 3415 3592 3549 il veut continuer le président lui retire la parole.
1402 3553 3566 3683 Enfin, l'assemblée décide que les syndicats
1110 3685 3578 3825 des tisseurs de la rue Donnée, l'Union des tisseurs
1106 3821 3566 3961 et similaires, les Tisseurs fédérés et les Tisseurs et
1120 3961 3618 4110 similaires (ouvriers) se réuniraient ce soir, 27 courant
1122 4103 3570 4250 pour nommer chacun trois délégués qui se rendront
1112 4245 3632 4398 le lendemain à 8 heures du matin, rue d'Austerlitz,
1158 4401 3621 4516 8, pour aller ensuite en Délégation chez les fabricants
1117 4536 3562 4708 mis à l'index et leur exposer les réclamations des
