3888 5184
1138 597 1730 706 commencées.
1382 669 3634 832 Les fabricants se sont montrés favorables à une
1138 816 3662 977 augmentation immédiate des prix de façon, mais ils
1142 954 3650 1109 veulent avoir la faculté de débattre ces prix directement
1128 1108 2314 1230 avec leurs chefs d'atelier.
1354 1237 3606 1382 Ils ont engagé les membres de la Commission
1138 1387 3606 1525 à faire connaître ces conditions à leurs collègues chefs
1134 1531 3602 1663 d'ateliers dans la grande réunion qui aura lieu ce soir
1140 1673 3628 1802 à 8 heures à la Brasserie Française et à les engager à
1130 1812 3614 1939 se présenter immédiatement chez leurs fabricants respectifs
1110 1974 2710 2085 pour traiter directement avec eux.
1430 2112 3632 2219 Les nés Naudot, Berton, Guicherd et d'autres
1156 2254 3664 2369 membres de la Commission ouvrière ont fait remarquer
1124 2396 3636 2513 que les ouvriers et chefs d'atelier accueilleront mal ces
1128 2540 3612 2661 propositions et y verront un parti pris de la part de
1118 2682 3260 2807 M. M. les fabricants pour refuser une entente.
1342 2818 3606 2967 Ils ont sollicité ces derniers d'établir comme en
1116 2968 3464 3115 1885 des prix de séries en classant les articles à
1104 3122 3580 3263 augmenter, mais les fabricants ont formellement
1124 3266 2204 3391 refusé cette proposition.
1368 3413 3622 3566 Naudot a demandé ensuite si l'article de fond
1126 3548 3552 3714 du "Nouveau Lyon" de ce matin intitulé "Grève
1104 3694 3638 3857 générale" n'avait pas été inspiré par les fabricants
1108 3830 3656 4003 en termes un peu véhéments, il a critiqué l'auteur
1092 3968 1738 4091 de cet article.
1394 4124 3692 4303 Tous les patrons ont protesté conter cette suspicion
1118 4270 3496 4455 et M. Chavent a déclaré que dans la question
1150 4424 3706 4617 actuellement en instance entre les ouvriers et les fabricants
1130 4580 3616 4777 ces derniers rejetaient toute polémique par la Presse
1119 4751 3613 4908 au moyen de discussions et qu'il était autorisé à
