3888 5184
1906 177 2728 317 Rapport
1834 405 2448 525 Copie
1202 899 2772 1033 Avis aux tisseurs
1162 1009 3534 1173 Les ouvriers et ouvrières tisseurs, réunis au nombre
1182 1146 3558 1300 de 500 reconnaissant que les maisons Atuyer
1184 1284 3376 1420 Bianchini, Ferrier, Tresca frères
1176 1408 3422 1555 (ancienne) maison Bellon, Schlutz et Beraud, ont
1164 1542 3542 1681 été les plus acharnées à baisser les salaires, déci¬
1180 1673 3426 1813 dent de mettre ces maisons à l'Index dès
1186 1806 3518 1941 vendredi matin 23 courant et invitent les
1186 1938 3502 2067 ouvriers et ouvrières travaillant chez les chefs
1178 2073 3538 2197 d'atelier qui ont des métiers pour ces maisons,
1178 2201 3550 2327 a quitter le travail, le syndicat tient des métiers
1186 2339 3620 2453 à leur disposition. La commission exécutive composée
1172 2471 3590 2583 de 43 membres, avertit les chefs d'atelier, tra¬
1150 2603 3538 2717 ¬vaillant pour d'autres maisons qu'aussitôt
1182 2739 3558 2849 que les maisons visées auront accepté les prix
1170 2871 3614 2981 qui sont basés sur les tarifs de 1880 elle atta¬
1170 3003 3562 3109 ¬quera d'autres fabricants jusqu'à ce que
1166 3137 2422 3239 nous ayons gain de cause.
1270 3269 2540 3367 Citoyennes et Citoyens,
1202 3403 3608 3503 La Commission compte que vous ne fléchirez pas
1192 3537 3628 3636 que vous sautez faire respecter les révolutions
1184 3665 3560 3772 que vous avez prises dans diverses réunions
1172 3791 3564 3905 qui sont de vaincre coute que coute, et que
1180 3921 3504 4035 vous vous souviendrez de vos aînés qui ont
1192 4059 3580 4176 su faire aboutir leurs revendications et qui
1196 4185 3592 4304 avaient pour devise vivre en travaillant.
1186 4324 3540 4439 La Commission invite tous les chefs d'atelier
1188 4450 3464 4569 ne travaillant pas pour les maisons à
