3888 5184
1180 508 3458 658 l'Index qui auront des métiers à
1146 640 3498 802 prendre, de le faire savoir au bureau
1162 762 3450 926 du syndicat, Rue d'Austerlitz, 8, ou
1142 899 3506 1051 se retrouveront des ouvriers et ouvrières à
1148 1061 2076 1169 leur disposition.
1184 1158 3446 1292 Nota : Une permanence est établie au
1142 1288 3434 1426 siège du syndicat ou tous les tisseurs
1158 1416 3454 1552 pourront prendre les renseignements qui
1142 1542 3462 1674 leur seront nécessaires au point de vue
1150 1678 3458 1798 du travail, des tarifs et des maisons
1148 1822 2040 1922 mises à l'index.
1808 2056 3132 2168 La Commission exécutive.
