3888 5184
2210 388 2998 520 RAPPORT
1738 592 3636 776 La Délégation qui s'est rendue hier
1432 750 3694 948 auprès des fabricants mis à l'index pour
1426 904 3650 1090 leur soumettre les réclamations des grévistes,
1422 1070 3494 1242 a rendu compte de ses démarches à une
1426 1222 3618 1390 réunion de la Commission exécutive tenue
1426 1378 3538 1542 dans la soirée au siège du syndicat des
1418 1532 3552 1692 tisseurs et similaires, rue d'Austerlitz, 8.
1654 1685 3714 1835 Ce n'est que ce soir que le résultat sera
1426 1833 3658 1985 porté à la connaissance de la Corporation
1426 1991 3644 2135 dans une réunion générale qui doit avoir
1448 2153 2966 2283 lieu à la Brasserie Françoise.
1680 2298 3598 2424 Il se peut que la même délégation
1448 2452 3670 2576 fasse aujourd'hui une nouvelle démarche
1438 2608 3730 2730 auprès des fabricants pour leur demander
1414 2754 3730 2875 la mise en vigueur du tarif intégral de 1880.
1704 2909 3724 3033 En attendant, la situation est calme,
1446 3060 3720 3175 les ouvriers grévistes attendent avec impatience
1446 3208 3740 3346 de pouvoir reprendre le travail avec l'augmen¬
1438 3364 3664 3488 ¬tation de 25 à 30 pour % promise par les
1442 3513 2022 3627 fabricants.
2392 3648 3720 3788 Lyon le 29 novembre 1894.
2392 3786 3662 3934 Le Commissaire Spécial.
2465 4050 3258 4214 L. Perny
