3888 5184
412 268 1258 393 du 29 novembre 1894
480 534 1180 641 PREFECTURE DU RHONE
414 774 1282 865 COMMISSARIAT SPECIAL
224 1096 1142 1221 Mouvement des tisseurs
2190 391 2944 522 RAPPORT
1886 573 3702 740 La délégation des tisseurs qui s'était
1420 729 3570 912 présentée hier chez les chefs des maisons mises
1394 885 3430 1056 à l'index, sont revenue aujourd'hui dans la
1392 1061 2930 1198 matinée auprès de ces Messieurs.
1682 1173 3582 1336 Elle leur a déclaré que l'augmentation
1400 1337 3502 1498 qu'ils avaient accordé hier n'avait pas paru
1388 1485 3546 1640 suffisant aux grévistes, qui demandaient
1382 1645 3618 1784 de nouvelles propositions basées, en principe,
1388 1809 2406 1930 sur les tarifs de 1885.
1836 1925 3638 2076 M.M Atuyer, Béraud et Schultz
1392 2085 3688 2226 ont déclaré à la délégation qu'il ne leur paraissait
1386 2235 3558 2380 guère possible d'accorder une augmentation
1386 2395 3614 2528 plus élevée que celle qu'ils avaient proposée hier.
1780 2531 3540 2664 La délégation s'est retirée, disant
1410 2691 3568 2816 qu'elle reviendrait ce soir à 5 heures prendre
1402 2845 3506 2968 la réponse de M.M les fabricants et qu'elle
1396 2997 3334 3116 soumettrait les propositions faites à la
1406 3147 3422 3268 réunion générale des tisseurs, qui doit
1406 3301 3294 3420 avoir lieu aujourd'hui à 8 heures à la
1416 3449 3186 3566 Brasserie Française, rue des Ecoles, 8.
1712 3592 3642 3712 A 6 heures, la délégation ne s'était
1440 3762 3650 3837 pas encore présentée; lespatrons n'avaient d'ailleurs aucune nouvelle
1430 3853 2062 3925 proposition à lui soumettre.
2302 3873 3574 3993 Lyon, le 29 novembre 1894
2428 4014 3468 4148 Le commisaire spécial,
2616 4233 3310 4348 L. Perny
