3888 5184
962 523 3438 660 décliner toute immixtion d'étrangers et à désapprouver
982 683 2442 802 l'article du "Nouveau Lyon"
1326 814 3442 946 Enfin la réunion a pris fin au milieu d'un
990 958 3502 1086 calme et d'une froideur qui révélaient qu'entre fabricants
986 1099 3470 1226 et ouvriers l'hostilité n'avait fait qu'augmenter
1310 1239 3486 1368 Les fabricants se sont retirés les premiers et
982 1405 1914 1514 les ouvriers ensuite.
1142 1533 3530 1656 Ci joint-l'article du "Nouveau Lyon" dont il est question dans le présent rapport
1926 1684 3346 1790 Lyon le 12 Décembre 1894.
1896 1822 3260 1932 Le Commissaire Spécial,
2138 2051 2926 2233 L. Perny
