3888 5184
2172 624 3282 756 Lyon, le 6 décembre 1894
692 689 990 758 PARQUET
798 769 890 832 DU
358 831 1322 937 PROCUREUR DE LA REPUBLIQUE
638 937 1058 1027 DE LYON
576 1250 842 1368 N° 133
1740 1298 2828 1432 Monsieur le préfet,
1652 1806 3720 1938 Depuis quelques jours le journal "Le Peuple" annonce
942 1980 3726 2122 qu'il existe une grève parmi les ouvriers tisseurs lyonnais, M Haru
942 2152 3700 2302 Commissaire de police à la Croix-Rousse, eu réponse aux renseignements
922 2308 3664 2474 que je lui ai demandés, me fait connaître qu'il n'existe aucune grève
964 2490 3632 2628 dans son quartier. J'ai l'honneur de vous prier de vouloir bien me
936 2658 3638 2800 faire connaître s'il existait une grève des ouvriers tisseurs dans les
954 2828 3652 2972 autres quartiers de la ville, car la nouvelle publiée par "le peuple"
980 2990 3638 3134 me paraît fausse, en présence des renseignements que j'ai recueillis
966 3188 1662 3306 jusqu'à présent.
1738 3342 3386 3468 Veuillez agréer, Monsieur le Préfet,
988 3510 2558 3646 l'assurence de ma haute considération.
1890 3688 3176 3806 Le procureur de la République,
2084 3916 2926 4085 S. Mallet
