<?xml version="1.0" encoding="utf-8"?>
<PcGts xmlns="http://schema.primaresearch.org/PAGE/gts/pagecontent/2013-07-15" xmlns:tu="timeUs" xmlns:xsi="http://www.w3.org/2001/XMLSchema-instance" xsi:schemaLocation="http://schema.primaresearch.org/PAGE/gts/pagecontent/2013-07-15 http://schema.primaresearch.org/PAGE/gts/pagecontent/2013-07-15/pagecontent.xsd">
<Metadata>
<Creator>prov=University of Rostock/Institute of Mathematics/CITlab/Tobias Gruening/tobias.gruening@uni-rostock.de:name=/net_tf/LA73_249_0mod360.pb:de.uro.citlab.module.la.core.CITlab_LA_ML:v=?0.1
TRP</Creator>
<Created>2018-03-15T17:44:59.725+01:00</Created>
<LastChange>2018-03-26T16:01:22.911+02:00</LastChange>
<tu:title>AD69 9M5</tu:title><tu:desc>No description.</tu:desc><tu:pagenumber>96</tu:pagenumber></Metadata>
<Page imageFilename="IMG_0214.JPG" imageHeight="5184" imageWidth="3888" tu:id="96" tu:url="https://dbis-thure.uibk.ac.at/f/Get?id=MKQARQAUUXGSWDWFFLLOAMVJ&amp;fileType=view">
<ReadingOrder>
<OrderedGroup caption="Regions reading order" id="ro_1522072882954">
<RegionRefIndexed index="0" regionRef="r1"/>
</OrderedGroup>
</ReadingOrder>
<TextRegion custom="readingOrder {index:0;}" id="r1" orientation="0.0">
<Coords points="954,1039 954,4008 2746,4008 2746,1039"/>
<TextLine custom="readingOrder {index:0;} work {offset:4; length:17;}" id="r1l1">
<Coords points="1158,1090 1231,1088 1305,1088 1379,1088 1452,1090 1526,1090 1600,1090 1673,1092 1747,1092 1821,1094 1895,1096 1968,1098 2042,1098 2116,1100 2189,1102 2263,1104 2337,1106 2410,1108 2484,1110 2558,1111 2632,1112 2632,1063 2558,1062 2484,1061 2410,1059 2337,1057 2263,1055 2189,1053 2116,1051 2042,1049 1968,1049 1895,1047 1821,1045 1747,1043 1673,1043 1600,1041 1526,1041 1452,1041 1379,1039 1305,1039 1231,1039 1158,1041"/>
<Baseline points="1158,1074 1231,1072 1305,1072 1379,1072 1452,1074 1526,1074 1600,1074 1673,1076 1747,1076 1821,1078 1895,1080 1968,1082 2042,1082 2116,1084 2189,1086 2263,1088 2337,1090 2410,1092 2484,1094 2558,1095 2632,1096"/>
<TextEquiv>
<Unicode>Les tisseurs lyonnais</Unicode>
</TextEquiv>
</TextLine>
<TextLine custom="readingOrder {index:1;} person {offset:17; length:15;}" id="r1l2">
<Coords points="1102,1282 1181,1282 1260,1282 1339,1282 1418,1282 1497,1282 1576,1284 1655,1284 1734,1286 1813,1286 1893,1288 1972,1289 2051,1290 2130,1292 2209,1294 2288,1294 2367,1296 2446,1298 2525,1299 2604,1300 2684,1302 2684,1253 2604,1251 2525,1250 2446,1249 2367,1247 2288,1245 2209,1245 2130,1243 2051,1241 1972,1240 1893,1239 1813,1237 1734,1237 1655,1235 1576,1235 1497,1233 1418,1233 1339,1233 1260,1233 1181,1233 1102,1233"/>
<Baseline points="1102,1266 1181,1266 1260,1266 1339,1266 1418,1266 1497,1266 1576,1268 1655,1268 1734,1270 1813,1270 1893,1272 1972,1273 2051,1274 2130,1276 2209,1278 2288,1278 2367,1280 2446,1282 2525,1283 2604,1284 2684,1286"/>
<TextEquiv>
<Unicode>Lettre ouverte à M. le Procureur</Unicode>
</TextEquiv>
</TextLine>
<TextLine custom="readingOrder {index:2;} place {offset:20; length:4;}" id="r1l3">
<Coords points="1286,1356 1345,1357 1405,1358 1465,1359 1524,1360 1584,1360 1644,1362 1703,1362 1763,1362 1823,1364 1883,1364 1942,1364 2002,1366 2062,1366 2121,1367 2181,1368 2241,1369 2300,1370 2360,1372 2420,1373 2480,1374 2480,1325 2420,1324 2360,1323 2300,1321 2241,1320 2181,1319 2121,1318 2062,1317 2002,1317 1942,1315 1883,1315 1823,1315 1763,1313 1703,1313 1644,1313 1584,1311 1524,1311 1465,1310 1405,1309 1345,1308 1286,1307"/>
<Baseline points="1286,1340 1345,1341 1405,1342 1465,1343 1524,1344 1584,1344 1644,1346 1703,1346 1763,1346 1823,1348 1883,1348 1942,1348 2002,1350 2062,1350 2121,1351 2181,1352 2241,1353 2300,1354 2360,1356 2420,1357 2480,1358"/>
<TextEquiv>
<Unicode>de la République, à Lyon</Unicode>
</TextEquiv>
</TextLine>
<TextLine custom="readingOrder {index:3;}" id="r1l4">
<Coords points="1160,1438 1235,1440 1311,1440 1386,1442 1462,1443 1538,1444 1613,1445 1689,1446 1764,1446 1840,1448 1916,1448 1991,1450 2067,1450 2142,1452 2218,1453 2294,1454 2369,1456 2445,1456 2520,1458 2596,1460 2672,1462 2672,1413 2596,1411 2520,1409 2445,1407 2369,1407 2294,1405 2218,1404 2142,1403 2067,1401 1991,1401 1916,1399 1840,1399 1764,1397 1689,1397 1613,1396 1538,1395 1462,1394 1386,1393 1311,1391 1235,1391 1160,1389"/>
<Baseline points="1160,1422 1235,1424 1311,1424 1386,1426 1462,1427 1538,1428 1613,1429 1689,1430 1764,1430 1840,1432 1916,1432 1991,1434 2067,1434 2142,1436 2218,1437 2294,1438 2369,1440 2445,1440 2520,1442 2596,1444 2672,1446"/>
<TextEquiv>
<Unicode>Dans la journée d'hier, vous avez fait appeler à </Unicode>
</TextEquiv>
</TextLine>
<TextLine custom="readingOrder {index:4;}" id="r1l5">
<Coords points="1110,1503 1187,1505 1265,1505 1342,1507 1420,1507 1497,1509 1575,1509 1652,1511 1730,1511 1807,1511 1885,1513 1962,1513 2040,1515 2117,1515 2195,1517 2272,1517 2350,1519 2427,1519 2505,1521 2582,1523 2660,1525 2660,1479 2582,1477 2505,1475 2427,1473 2350,1473 2272,1471 2195,1471 2117,1469 2040,1469 1962,1467 1885,1467 1807,1465 1730,1465 1652,1465 1575,1463 1497,1463 1420,1461 1342,1461 1265,1459 1187,1459 1110,1457"/>
<Baseline points="1110,1488 1187,1490 1265,1490 1342,1492 1420,1492 1497,1494 1575,1494 1652,1496 1730,1496 1807,1496 1885,1498 1962,1498 2040,1500 2117,1500 2195,1502 2272,1502 2350,1504 2427,1504 2505,1506 2582,1508 2660,1510"/>
<TextEquiv>
<Unicode>votre bureau le gérant du Peuple pour le prier</Unicode>
</TextEquiv>
</TextLine>
<TextLine custom="readingOrder {index:5;}" id="r1l6">
<Coords points="1096,1569 1174,1571 1252,1571 1331,1571 1409,1573 1488,1573 1566,1573 1644,1575 1723,1575 1801,1575 1880,1575 1958,1577 2036,1577 2115,1579 2193,1579 2272,1581 2350,1582 2428,1583 2507,1585 2585,1587 2664,1589 2664,1543 2585,1541 2507,1539 2428,1537 2350,1536 2272,1535 2193,1533 2115,1533 2036,1531 1958,1531 1880,1529 1801,1529 1723,1529 1644,1529 1566,1527 1488,1527 1409,1527 1331,1525 1252,1525 1174,1525 1096,1523"/>
<Baseline points="1096,1554 1174,1556 1252,1556 1331,1556 1409,1558 1488,1558 1566,1558 1644,1560 1723,1560 1801,1560 1880,1560 1958,1562 2036,1562 2115,1564 2193,1564 2272,1566 2350,1567 2428,1568 2507,1570 2585,1572 2664,1574"/>
<TextEquiv>
<Unicode>de rectifier les articles parus au sujet de la grève</Unicode>
</TextEquiv>
</TextLine>
<TextLine custom="readingOrder {index:6;}" id="r1l7">
<Coords points="1112,1633 1189,1635 1266,1637 1343,1637 1420,1638 1497,1639 1574,1639 1651,1641 1728,1641 1805,1641 1882,1641 1959,1641 2036,1643 2113,1643 2190,1643 2267,1643 2344,1645 2421,1645 2498,1647 2575,1649 2652,1649 2652,1603 2575,1603 2498,1601 2421,1599 2344,1599 2267,1597 2190,1597 2113,1597 2036,1597 1959,1595 1882,1595 1805,1595 1728,1595 1651,1595 1574,1593 1497,1593 1420,1592 1343,1591 1266,1591 1189,1589 1112,1587"/>
<Baseline points="1112,1618 1189,1620 1266,1622 1343,1622 1420,1623 1497,1624 1574,1624 1651,1626 1728,1626 1805,1626 1882,1626 1959,1626 2036,1628 2113,1628 2190,1628 2267,1628 2344,1630 2421,1630 2498,1632 2575,1634 2652,1634"/>
<TextEquiv>
<Unicode>des tisseurs lyonnais, vos renseignements parti¬</Unicode>
</TextEquiv>
</TextLine>
<TextLine custom="readingOrder {index:7;}" id="r1l8">
<Coords points="1104,1699 1181,1701 1259,1701 1336,1703 1414,1703 1492,1703 1569,1703 1647,1705 1724,1705 1802,1705 1880,1705 1957,1707 2035,1707 2112,1707 2190,1709 2268,1709 2345,1711 2423,1711 2500,1713 2578,1715 2656,1717 2656,1672 2578,1670 2500,1668 2423,1666 2345,1666 2268,1664 2190,1664 2112,1662 2035,1662 1957,1662 1880,1660 1802,1660 1724,1660 1647,1660 1569,1658 1492,1658 1414,1658 1336,1658 1259,1656 1181,1656 1104,1654"/>
<Baseline points="1104,1684 1181,1686 1259,1686 1336,1688 1414,1688 1492,1688 1569,1688 1647,1690 1724,1690 1802,1690 1880,1690 1957,1692 2035,1692 2112,1692 2190,1694 2268,1694 2345,1696 2423,1696 2500,1698 2578,1700 2656,1702"/>
<TextEquiv>
<Unicode>¬culiers (sic) vous permettant d'affirmer qu'il n'y</Unicode>
</TextEquiv>
</TextLine>
<TextLine custom="readingOrder {index:8;}" id="r1l9">
<Coords points="1112,1765 1189,1767 1266,1767 1343,1767 1420,1767 1497,1769 1574,1769 1651,1769 1728,1771 1805,1771 1882,1771 1959,1771 2036,1773 2113,1773 2190,1773 2267,1773 2344,1775 2421,1775 2498,1777 2575,1777 2652,1777 2652,1732 2575,1732 2498,1732 2421,1730 2344,1730 2267,1728 2190,1728 2113,1728 2036,1728 1959,1726 1882,1726 1805,1726 1728,1726 1651,1724 1574,1724 1497,1724 1420,1722 1343,1722 1266,1722 1189,1722 1112,1720"/>
<Baseline points="1112,1750 1189,1752 1266,1752 1343,1752 1420,1752 1497,1754 1574,1754 1651,1754 1728,1756 1805,1756 1882,1756 1959,1756 2036,1758 2113,1758 2190,1758 2267,1758 2344,1760 2421,1760 2498,1762 2575,1762 2652,1762"/>
<TextEquiv>
<Unicode>avait pas de grève, en ce moment, dans le tissage</Unicode>
</TextEquiv>
</TextLine>
<TextLine custom="readingOrder {index:9;}" id="r1l10">
<Coords points="1114,1829 1139,1829 1164,1831 1189,1831 1214,1831 1240,1831 1265,1831 1290,1831 1315,1831 1340,1831 1366,1829 1366,1783 1340,1785 1315,1785 1290,1785 1265,1785 1240,1785 1214,1785 1189,1785 1164,1785 1139,1783 1114,1783"/>
<Baseline points="1114,1814 1139,1814 1164,1816 1189,1816 1214,1816 1240,1816 1265,1816 1290,1816 1315,1816 1340,1816 1366,1814"/>
<TextEquiv>
<Unicode>lyonnais.</Unicode>
</TextEquiv>
</TextLine>
<TextLine custom="readingOrder {index:10;}" id="r1l11">
<Coords points="1188,1893 1262,1895 1336,1897 1410,1897 1484,1897 1559,1899 1633,1899 1707,1899 1781,1899 1855,1899 1930,1899 2004,1899 2078,1899 2152,1899 2226,1899 2301,1899 2375,1901 2449,1902 2523,1903 2597,1905 2672,1907 2672,1861 2597,1859 2523,1857 2449,1856 2375,1855 2301,1853 2226,1853 2152,1853 2078,1853 2004,1853 1930,1853 1855,1853 1781,1853 1707,1853 1633,1853 1559,1853 1484,1851 1410,1851 1336,1851 1262,1849 1188,1847"/>
<Baseline points="1188,1878 1262,1880 1336,1882 1410,1882 1484,1882 1559,1884 1633,1884 1707,1884 1781,1884 1855,1884 1930,1884 2004,1884 2078,1884 2152,1884 2226,1884 2301,1884 2375,1886 2449,1887 2523,1888 2597,1890 2672,1892"/>
<TextEquiv>
<Unicode>Vous nous permettrez de trouver bien étranger</Unicode>
</TextEquiv>
</TextLine>
<TextLine custom="readingOrder {index:11;}" id="r1l12">
<Coords points="1110,1954 1187,1956 1264,1958 1341,1960 1418,1960 1495,1962 1572,1962 1649,1962 1726,1962 1803,1962 1880,1962 1957,1962 2034,1962 2111,1962 2188,1962 2265,1962 2342,1964 2419,1964 2496,1966 2573,1968 2650,1972 2650,1929 2573,1925 2496,1923 2419,1921 2342,1921 2265,1919 2188,1919 2111,1919 2034,1919 1957,1919 1880,1919 1803,1919 1726,1919 1649,1919 1572,1919 1495,1919 1418,1917 1341,1917 1264,1915 1187,1913 1110,1911"/>
<Baseline points="1110,1940 1187,1942 1264,1944 1341,1946 1418,1946 1495,1948 1572,1948 1649,1948 1726,1948 1803,1948 1880,1948 1957,1948 2034,1948 2111,1948 2188,1948 2265,1948 2342,1950 2419,1950 2496,1952 2573,1954 2650,1958"/>
<TextEquiv>
<Unicode>votre immixtion dans la rédaction du journal, at¬</Unicode>
</TextEquiv>
</TextLine>
<TextLine custom="readingOrder {index:12;}" id="r1l13">
<Coords points="1106,2020 1183,2022 1260,2024 1337,2024 1414,2026 1491,2026 1568,2026 1645,2026 1722,2026 1799,2026 1876,2026 1953,2026 2030,2024 2107,2024 2184,2024 2261,2024 2338,2026 2415,2026 2492,2027 2569,2028 2646,2030 2646,1987 2569,1985 2492,1984 2415,1983 2338,1983 2261,1981 2184,1981 2107,1981 2030,1981 1953,1983 1876,1983 1799,1983 1722,1983 1645,1983 1568,1983 1491,1983 1414,1983 1337,1981 1260,1981 1183,1979 1106,1977"/>
<Baseline points="1106,2006 1183,2008 1260,2010 1337,2010 1414,2012 1491,2012 1568,2012 1645,2012 1722,2012 1799,2012 1876,2012 1953,2012 2030,2010 2107,2010 2184,2010 2261,2010 2338,2012 2415,2012 2492,2013 2569,2014 2646,2016"/>
<TextEquiv>
<Unicode>¬tendu que s'il y avait eu, dans nos articles. mo¬</Unicode>
</TextEquiv>
</TextLine>
<TextLine custom="readingOrder {index:13;}" id="r1l14">
<Coords points="1114,2082 1190,2084 1266,2084 1343,2086 1419,2086 1496,2088 1572,2088 1648,2088 1725,2088 1801,2088 1878,2088 1954,2088 2030,2088 2107,2088 2183,2088 2260,2088 2336,2090 2412,2090 2489,2090 2565,2090 2642,2092 2642,2049 2565,2047 2489,2047 2412,2047 2336,2047 2260,2045 2183,2045 2107,2045 2030,2045 1954,2045 1878,2045 1801,2045 1725,2045 1648,2045 1572,2045 1496,2045 1419,2043 1343,2043 1266,2041 1190,2041 1114,2039"/>
<Baseline points="1114,2068 1190,2070 1266,2070 1343,2072 1419,2072 1496,2074 1572,2074 1648,2074 1725,2074 1801,2074 1878,2074 1954,2074 2030,2074 2107,2074 2183,2074 2260,2074 2336,2076 2412,2076 2489,2076 2565,2076 2642,2078"/>
<TextEquiv>
<Unicode>¬tifs à user des fonctions que la loi vous a dévo¬</Unicode>
</TextEquiv>
</TextLine>
<TextLine custom="readingOrder {index:14;}" id="r1l15">
<Coords points="1108,2147 1165,2148 1222,2149 1279,2149 1336,2151 1394,2151 1451,2151 1508,2153 1565,2153 1622,2153 1680,2153 1737,2153 1794,2153 1851,2153 1908,2153 1966,2153 2023,2153 2080,2153 2137,2153 2194,2154 2252,2155 2252,2110 2194,2109 2137,2108 2080,2108 2023,2108 1966,2108 1908,2108 1851,2108 1794,2108 1737,2108 1680,2108 1622,2108 1565,2108 1508,2108 1451,2106 1394,2106 1336,2106 1279,2104 1222,2104 1165,2103 1108,2102"/>
<Baseline points="1108,2132 1165,2133 1222,2134 1279,2134 1336,2136 1394,2136 1451,2136 1508,2138 1565,2138 1622,2138 1680,2138 1737,2138 1794,2138 1851,2138 1908,2138 1966,2138 2023,2138 2080,2138 2137,2138 2194,2139 2252,2140"/>
<TextEquiv>
<Unicode>¬lues, vous l'auriez certainement fait.</Unicode>
</TextEquiv>
</TextLine>
<TextLine custom="readingOrder {index:15;}" id="r1l16">
<Coords points="1180,2211 1253,2213 1326,2213 1399,2213 1473,2215 1546,2215 1619,2215 1693,2215 1766,2215 1839,2215 1913,2215 1986,2216 2059,2217 2132,2217 2206,2217 2279,2217 2352,2217 2426,2217 2499,2217 2572,2219 2646,2219 2646,2174 2572,2174 2499,2172 2426,2172 2352,2172 2279,2172 2206,2172 2132,2172 2059,2172 1986,2171 1913,2170 1839,2170 1766,2170 1693,2170 1619,2170 1546,2170 1473,2170 1399,2168 1326,2168 1253,2168 1180,2166"/>
<Baseline points="1180,2196 1253,2198 1326,2198 1399,2198 1473,2200 1546,2200 1619,2200 1693,2200 1766,2200 1839,2200 1913,2200 1986,2201 2059,2202 2132,2202 2206,2202 2279,2202 2352,2202 2426,2202 2499,2202 2572,2204 2646,2204"/>
<TextEquiv>
<Unicode>Nous persistons à dire qu'il y a eu grève des ou¬</Unicode>
</TextEquiv>
</TextLine>
<TextLine custom="readingOrder {index:16;} work {offset:8; length:8;} place {offset:22; length:12;}" id="r1l17">
<Coords points="1108,2273 1185,2275 1263,2275 1340,2275 1418,2277 1496,2277 1573,2277 1651,2277 1728,2279 1806,2279 1884,2279 1961,2279 2039,2279 2116,2281 2194,2281 2272,2281 2349,2281 2427,2281 2504,2283 2582,2283 2660,2283 2660,2238 2582,2238 2504,2238 2427,2236 2349,2236 2272,2236 2194,2236 2116,2236 2039,2234 1961,2234 1884,2234 1806,2234 1728,2234 1651,2232 1573,2232 1496,2232 1418,2232 1340,2230 1263,2230 1185,2230 1108,2228"/>
<Baseline points="1108,2258 1185,2260 1263,2260 1340,2260 1418,2262 1496,2262 1573,2262 1651,2262 1728,2264 1806,2264 1884,2264 1961,2264 2039,2264 2116,2266 2194,2266 2272,2266 2349,2266 2427,2266 2504,2268 2582,2268 2660,2268"/>
<TextEquiv>
<Unicode>¬vriers tisseurs à la Croix-Rousse; que cette grève</Unicode>
</TextEquiv>
</TextLine>
<TextLine custom="readingOrder {index:17;}" id="r1l18">
<Coords points="1102,2338 1179,2338 1256,2338 1334,2338 1411,2338 1489,2340 1566,2340 1643,2340 1721,2340 1798,2340 1876,2340 1953,2340 2030,2340 2108,2340 2185,2342 2263,2342 2340,2342 2417,2344 2495,2344 2572,2346 2650,2348 2650,2305 2572,2303 2495,2301 2417,2301 2340,2299 2263,2299 2185,2299 2108,2297 2030,2297 1953,2297 1876,2297 1798,2297 1721,2297 1643,2297 1566,2297 1489,2297 1411,2295 1334,2295 1256,2295 1179,2295 1102,2295"/>
<Baseline points="1102,2324 1179,2324 1256,2324 1334,2324 1411,2324 1489,2326 1566,2326 1643,2326 1721,2326 1798,2326 1876,2326 1953,2326 2030,2326 2108,2326 2185,2328 2263,2328 2340,2328 2417,2330 2495,2330 2572,2332 2650,2334"/>
<TextEquiv>
<Unicode>a été dirigée contre sept maisons dont, pour votre</Unicode>
</TextEquiv>
</TextLine>
<TextLine custom="readingOrder {index:18;}" id="r1l19">
<Coords points="1100,2400 1177,2402 1255,2402 1333,2402 1411,2402 1489,2402 1566,2402 1644,2402 1722,2402 1800,2402 1878,2402 1955,2402 2033,2402 2111,2402 2189,2403 2267,2404 2344,2404 2422,2404 2500,2406 2578,2406 2656,2408 2656,2365 2578,2363 2500,2363 2422,2361 2344,2361 2267,2361 2189,2360 2111,2359 2033,2359 1955,2359 1878,2359 1800,2359 1722,2359 1644,2359 1566,2359 1489,2359 1411,2359 1333,2359 1255,2359 1177,2359 1100,2357"/>
<Baseline points="1100,2386 1177,2388 1255,2388 1333,2388 1411,2388 1489,2388 1566,2388 1644,2388 1722,2388 1800,2388 1878,2388 1955,2388 2033,2388 2111,2388 2189,2389 2267,2390 2344,2390 2422,2390 2500,2392 2578,2392 2656,2394"/>
<TextEquiv>
<Unicode>édification, nous voulons bien rappeler les noms :</Unicode>
</TextEquiv>
</TextLine>
<TextLine custom="readingOrder {index:19;}" id="r1l20">
<Coords points="1118,2463 1195,2465 1272,2467 1349,2467 1426,2468 1503,2469 1580,2469 1657,2469 1734,2469 1811,2469 1889,2467 1966,2467 2043,2467 2120,2467 2197,2467 2274,2467 2351,2467 2428,2469 2505,2470 2582,2471 2660,2473 2660,2428 2582,2426 2505,2425 2428,2424 2351,2422 2274,2422 2197,2422 2120,2422 2043,2422 1966,2422 1889,2422 1811,2424 1734,2424 1657,2424 1580,2424 1503,2424 1426,2423 1349,2422 1272,2422 1195,2420 1118,2418"/>
<Baseline points="1118,2448 1195,2450 1272,2452 1349,2452 1426,2453 1503,2454 1580,2454 1657,2454 1734,2454 1811,2454 1889,2452 1966,2452 2043,2452 2120,2452 2197,2452 2274,2452 2351,2452 2428,2454 2505,2455 2582,2456 2660,2458"/>
<TextEquiv>
<Unicode>Béraud et cie, Bérard et Ferrand, Tresca frères, </Unicode>
</TextEquiv>
</TextLine>
<TextLine custom="readingOrder {index:20;}" id="r1l21">
<Coords points="1102,2529 1179,2529 1257,2529 1335,2531 1413,2531 1491,2531 1569,2531 1647,2531 1725,2531 1803,2531 1881,2531 1958,2531 2036,2531 2114,2531 2192,2533 2270,2533 2348,2533 2426,2533 2504,2535 2582,2535 2660,2535 2660,2490 2582,2490 2504,2490 2426,2488 2348,2488 2270,2488 2192,2488 2114,2486 2036,2486 1958,2486 1881,2486 1803,2486 1725,2486 1647,2486 1569,2486 1491,2486 1413,2486 1335,2486 1257,2484 1179,2484 1102,2484"/>
<Baseline points="1102,2514 1179,2514 1257,2514 1335,2516 1413,2516 1491,2516 1569,2516 1647,2516 1725,2516 1803,2516 1881,2516 1958,2516 2036,2516 2114,2516 2192,2518 2270,2518 2348,2518 2426,2518 2504,2520 2582,2520 2660,2520"/>
<TextEquiv>
<Unicode>Bachelard et Cie, Piolet et cie, Atuyer, bianchini</Unicode>
</TextEquiv>
</TextLine>
<TextLine custom="readingOrder {index:21;} work {offset:42; length:10;}" id="r1l22">
<Coords points="1104,2593 1182,2593 1260,2593 1338,2593 1416,2593 1494,2593 1572,2595 1650,2595 1728,2595 1806,2595 1885,2595 1963,2595 2041,2595 2119,2595 2197,2595 2275,2595 2353,2595 2431,2597 2509,2597 2587,2599 2666,2599 2666,2554 2587,2554 2509,2552 2431,2552 2353,2550 2275,2550 2197,2550 2119,2550 2041,2550 1963,2550 1885,2550 1806,2550 1728,2550 1650,2550 1572,2550 1494,2548 1416,2548 1338,2548 1260,2548 1182,2548 1104,2548"/>
<Baseline points="1104,2578 1182,2578 1260,2578 1338,2578 1416,2578 1494,2578 1572,2580 1650,2580 1728,2580 1806,2580 1885,2580 1963,2580 2041,2580 2119,2580 2197,2580 2275,2580 2353,2580 2431,2582 2509,2582 2587,2584 2666,2584"/>
<TextEquiv>
<Unicode>et Férier, Schulz et Cie ; que ces divers fabricants </Unicode>
</TextEquiv>
</TextLine>
<TextLine custom="readingOrder {index:22;}" id="r1l23">
<Coords points="1104,2657 1181,2657 1259,2657 1337,2657 1414,2657 1492,2657 1570,2657 1647,2657 1725,2657 1803,2657 1881,2657 1958,2657 2036,2657 2114,2657 2191,2659 2269,2659 2347,2659 2424,2659 2502,2661 2580,2661 2658,2663 2658,2617 2580,2615 2502,2615 2424,2613 2347,2613 2269,2613 2191,2613 2114,2611 2036,2611 1958,2611 1881,2611 1803,2611 1725,2611 1647,2611 1570,2611 1492,2611 1414,2611 1337,2611 1259,2611 1181,2611 1104,2611"/>
<Baseline points="1104,2642 1181,2642 1259,2642 1337,2642 1414,2642 1492,2642 1570,2642 1647,2642 1725,2642 1803,2642 1881,2642 1958,2642 2036,2642 2114,2642 2191,2644 2269,2644 2347,2644 2424,2644 2502,2646 2580,2646 2658,2648"/>
<TextEquiv>
<Unicode>n'ont consenti à une augmentation des prix de</Unicode>
</TextEquiv>
</TextLine>
<TextLine custom="readingOrder {index:23;}" id="r1l24">
<Coords points="1118,2720 1194,2720 1271,2720 1347,2720 1424,2720 1500,2720 1577,2720 1653,2720 1730,2720 1806,2720 1883,2720 1959,2720 2036,2720 2112,2722 2189,2722 2265,2722 2342,2722 2418,2722 2495,2722 2571,2722 2648,2722 2648,2679 2571,2679 2495,2679 2418,2679 2342,2679 2265,2679 2189,2679 2112,2679 2036,2677 1959,2677 1883,2677 1806,2677 1730,2677 1653,2677 1577,2677 1500,2677 1424,2677 1347,2677 1271,2677 1194,2677 1118,2677"/>
<Baseline points="1118,2706 1194,2706 1271,2706 1347,2706 1424,2706 1500,2706 1577,2706 1653,2706 1730,2706 1806,2706 1883,2706 1959,2706 2036,2706 2112,2708 2189,2708 2265,2708 2342,2708 2418,2708 2495,2708 2571,2708 2648,2708"/>
<TextEquiv>
<Unicode>façon qu'après plusieurs entrevues avec les délé¬</Unicode>
</TextEquiv>
</TextLine>
<TextLine custom="readingOrder {index:24;}" id="r1l25">
<Coords points="1098,2790 1125,2787 1153,2785 1181,2784 1209,2783 1237,2782 1264,2780 1292,2780 1320,2780 1348,2780 1376,2780 1403,2780 1431,2780 1459,2781 1487,2782 1515,2782 1542,2782 1570,2782 1598,2784 1626,2784 1654,2784 1654,2741 1626,2741 1598,2741 1570,2739 1542,2739 1515,2739 1487,2739 1459,2738 1431,2737 1403,2737 1376,2737 1348,2737 1320,2737 1292,2737 1264,2737 1237,2739 1209,2740 1181,2741 1153,2742 1125,2744 1098,2747"/>
<Baseline points="1098,2776 1125,2773 1153,2771 1181,2770 1209,2769 1237,2768 1264,2766 1292,2766 1320,2766 1348,2766 1376,2766 1403,2766 1431,2766 1459,2767 1487,2768 1515,2768 1542,2768 1570,2768 1598,2770 1626,2770 1654,2770"/>
<TextEquiv>
<Unicode>¬gués des tisseurs.</Unicode>
</TextEquiv>
</TextLine>
<TextLine custom="readingOrder {index:25;}" id="r1l26">
<Coords points="1158,2847 1232,2847 1306,2847 1381,2845 1455,2845 1530,2845 1604,2847 1678,2847 1753,2847 1827,2847 1902,2847 1976,2849 2050,2849 2125,2849 2199,2849 2274,2849 2348,2851 2422,2851 2497,2851 2571,2850 2646,2849 2646,2804 2571,2805 2497,2806 2422,2806 2348,2806 2274,2804 2199,2804 2125,2804 2050,2804 1976,2804 1902,2802 1827,2802 1753,2802 1678,2802 1604,2802 1530,2800 1455,2800 1381,2800 1306,2802 1232,2802 1158,2802"/>
<Baseline points="1158,2832 1232,2832 1306,2832 1381,2830 1455,2830 1530,2830 1604,2832 1678,2832 1753,2832 1827,2832 1902,2832 1976,2834 2050,2834 2125,2834 2199,2834 2274,2834 2348,2836 2422,2836 2497,2836 2571,2835 2646,2834"/>
<TextEquiv>
<Unicode>Nos renseignements particuliers nous permet¬</Unicode>
</TextEquiv>
</TextLine>
<TextLine custom="readingOrder {index:26;}" id="r1l27">
<Coords points="1110,2911 1187,2911 1265,2911 1342,2911 1420,2911 1497,2911 1575,2911 1652,2911 1730,2911 1807,2911 1885,2911 1962,2911 2040,2911 2117,2911 2195,2913 2272,2913 2350,2913 2427,2914 2505,2915 2582,2915 2660,2917 2660,2872 2582,2870 2505,2870 2427,2869 2350,2868 2272,2868 2195,2868 2117,2866 2040,2866 1962,2866 1885,2866 1807,2866 1730,2866 1652,2866 1575,2866 1497,2866 1420,2866 1342,2866 1265,2866 1187,2866 1110,2866"/>
<Baseline points="1110,2896 1187,2896 1265,2896 1342,2896 1420,2896 1497,2896 1575,2896 1652,2896 1730,2896 1807,2896 1885,2896 1962,2896 2040,2896 2117,2896 2195,2898 2272,2898 2350,2898 2427,2899 2505,2900 2582,2900 2660,2902"/>
<TextEquiv>
<Unicode>¬tent d'ajouter que le mouvement de revendications</Unicode>
</TextEquiv>
</TextLine>
<TextLine custom="readingOrder {index:27;}" id="r1l28">
<Coords points="1098,2973 1174,2973 1251,2975 1328,2975 1405,2975 1482,2975 1559,2975 1636,2976 1713,2977 1790,2977 1867,2977 1943,2977 2020,2977 2097,2977 2174,2977 2251,2977 2328,2978 2405,2979 2482,2979 2559,2979 2636,2979 2636,2933 2559,2933 2482,2933 2405,2933 2328,2932 2251,2931 2174,2931 2097,2931 2020,2931 1943,2931 1867,2931 1790,2931 1713,2931 1636,2930 1559,2929 1482,2929 1405,2929 1328,2929 1251,2929 1174,2927 1098,2927"/>
<Baseline points="1098,2958 1174,2958 1251,2960 1328,2960 1405,2960 1482,2960 1559,2960 1636,2961 1713,2962 1790,2962 1867,2962 1943,2962 2020,2962 2097,2962 2174,2962 2251,2962 2328,2963 2405,2964 2482,2964 2559,2964 2636,2964"/>
<TextEquiv>
<Unicode>ne se hornera pas aux sept maisons ci-dessus dé¬</Unicode>
</TextEquiv>
</TextLine>
<TextLine custom="readingOrder {index:28;}" id="r1l29">
<Coords points="1112,3037 1138,3039 1164,3039 1190,3039 1216,3037 1242,3037 1268,3038 1294,3039 1320,3040 1346,3043 1346,2998 1320,2995 1294,2994 1268,2993 1242,2992 1216,2992 1190,2994 1164,2994 1138,2994 1112,2992"/>
<Baseline points="1112,3022 1138,3024 1164,3024 1190,3024 1216,3022 1242,3022 1268,3023 1294,3024 1320,3025 1346,3028"/>
<TextEquiv>
<Unicode>¬signées.</Unicode>
</TextEquiv>
</TextLine>
<TextLine custom="readingOrder {index:29;}" id="r1l30">
<Coords points="1164,3101 1237,3101 1311,3101 1385,3101 1459,3101 1533,3102 1607,3103 1681,3103 1755,3103 1829,3103 1903,3103 1976,3103 2050,3103 2124,3103 2198,3105 2272,3105 2346,3105 2420,3105 2494,3105 2568,3105 2642,3107 2642,3062 2568,3060 2494,3060 2420,3060 2346,3060 2272,3060 2198,3060 2124,3058 2050,3058 1976,3058 1903,3058 1829,3058 1755,3058 1681,3058 1607,3058 1533,3057 1459,3056 1385,3056 1311,3056 1237,3056 1164,3056"/>
<Baseline points="1164,3086 1237,3086 1311,3086 1385,3086 1459,3086 1533,3087 1607,3088 1681,3088 1755,3088 1829,3088 1903,3088 1976,3088 2050,3088 2124,3088 2198,3090 2272,3090 2346,3090 2420,3090 2494,3090 2568,3090 2642,3092"/>
<TextEquiv>
<Unicode>Est-ce de notre faute, si la police vous rensei¬</Unicode>
</TextEquiv>
</TextLine>
<TextLine custom="readingOrder {index:30;}" id="r1l31">
<Coords points="1106,3166 1183,3166 1260,3166 1337,3166 1414,3166 1491,3166 1568,3166 1645,3166 1722,3166 1799,3166 1877,3166 1954,3166 2031,3166 2108,3166 2185,3166 2262,3168 2339,3168 2416,3170 2493,3172 2570,3173 2648,3174 2648,3131 2570,3130 2493,3129 2416,3127 2339,3125 2262,3125 2185,3123 2108,3123 2031,3123 1954,3123 1877,3123 1799,3123 1722,3123 1645,3123 1568,3123 1491,3123 1414,3123 1337,3123 1260,3123 1183,3123 1106,3123"/>
<Baseline points="1106,3152 1183,3152 1260,3152 1337,3152 1414,3152 1491,3152 1568,3152 1645,3152 1722,3152 1799,3152 1877,3152 1954,3152 2031,3152 2108,3152 2185,3152 2262,3154 2339,3154 2416,3156 2493,3158 2570,3159 2648,3160"/>
<TextEquiv>
<Unicode>¬gne mal, si son service d'informations nous induit</Unicode>
</TextEquiv>
</TextLine>
<TextLine custom="readingOrder {index:31;}" id="r1l32">
<Coords points="1108,3230 1134,3228 1160,3228 1187,3226 1213,3226 1240,3226 1266,3226 1293,3226 1319,3227 1346,3228 1372,3228 1399,3228 1425,3230 1452,3230 1452,3187 1425,3187 1399,3185 1372,3185 1346,3185 1319,3184 1293,3183 1266,3183 1240,3183 1213,3183 1187,3183 1160,3185 1134,3185 1108,3187"/>
<Baseline points="1108,3216 1134,3214 1160,3214 1187,3212 1213,3212 1240,3212 1266,3212 1293,3212 1319,3213 1346,3214 1372,3214 1399,3214 1425,3216 1452,3216"/>
<TextEquiv>
<Unicode>en erreurs ?</Unicode>
</TextEquiv>
</TextLine>
<TextLine custom="readingOrder {index:32;}" id="r1l33">
<Coords points="1168,3288 1242,3290 1317,3292 1391,3292 1466,3292 1541,3292 1615,3292 1690,3292 1764,3292 1839,3292 1914,3292 1988,3292 2063,3292 2137,3292 2212,3292 2287,3292 2361,3294 2436,3294 2510,3296 2585,3298 2660,3300 2660,3257 2585,3255 2510,3253 2436,3251 2361,3251 2287,3249 2212,3249 2137,3249 2063,3249 1988,3249 1914,3249 1839,3249 1764,3249 1690,3249 1615,3249 1541,3249 1466,3249 1391,3249 1317,3249 1242,3247 1168,3245"/>
<Baseline points="1168,3274 1242,3276 1317,3278 1391,3278 1466,3278 1541,3278 1615,3278 1690,3278 1764,3278 1839,3278 1914,3278 1988,3278 2063,3278 2137,3278 2212,3278 2287,3278 2361,3280 2436,3280 2510,3282 2585,3284 2660,3286"/>
<TextEquiv>
<Unicode>Nous continuerons donc à tenir nos lecteurs au</Unicode>
</TextEquiv>
</TextLine>
<TextLine custom="readingOrder {index:33;}" id="r1l34">
<Coords points="1108,3353 1185,3353 1263,3355 1341,3355 1419,3357 1497,3357 1574,3357 1652,3357 1730,3357 1808,3357 1886,3357 1963,3357 2041,3357 2119,3357 2197,3357 2275,3359 2352,3359 2430,3361 2508,3361 2586,3363 2664,3365 2664,3319 2586,3317 2508,3315 2430,3315 2352,3313 2275,3313 2197,3311 2119,3311 2041,3311 1963,3311 1886,3311 1808,3311 1730,3311 1652,3311 1574,3311 1497,3311 1419,3311 1341,3309 1263,3309 1185,3307 1108,3307"/>
<Baseline points="1108,3338 1185,3338 1263,3340 1341,3340 1419,3342 1497,3342 1574,3342 1652,3342 1730,3342 1808,3342 1886,3342 1963,3342 2041,3342 2119,3342 2197,3342 2275,3344 2352,3344 2430,3346 2508,3346 2586,3348 2664,3350"/>
<TextEquiv>
<Unicode>courant du mouvement qui s'est produit parmi les</Unicode>
</TextEquiv>
</TextLine>
<TextLine custom="readingOrder {index:34;}" id="r1l35">
<Coords points="1106,3418 1182,3418 1259,3420 1336,3420 1413,3420 1490,3420 1566,3420 1643,3420 1720,3419 1797,3418 1874,3418 1950,3418 2027,3418 2104,3418 2181,3418 2258,3420 2334,3420 2411,3422 2488,3424 2565,3426 2642,3430 2642,3387 2565,3383 2488,3381 2411,3379 2334,3377 2258,3377 2181,3375 2104,3375 2027,3375 1950,3375 1874,3375 1797,3375 1720,3376 1643,3377 1566,3377 1490,3377 1413,3377 1336,3377 1259,3377 1182,3375 1106,3375"/>
<Baseline points="1106,3404 1182,3404 1259,3406 1336,3406 1413,3406 1490,3406 1566,3406 1643,3406 1720,3405 1797,3404 1874,3404 1950,3404 2027,3404 2104,3404 2181,3404 2258,3406 2334,3406 2411,3408 2488,3410 2565,3412 2642,3416"/>
<TextEquiv>
<Unicode>tisseurs lyonnais, certain de la véracité des faits</Unicode>
</TextEquiv>
</TextLine>
<TextLine custom="readingOrder {index:35;}" id="r1l36">
<Coords points="1116,3482 1192,3482 1269,3482 1345,3482 1422,3480 1499,3480 1575,3480 1652,3480 1728,3480 1805,3482 1882,3482 1958,3482 2035,3482 2111,3484 2188,3484 2265,3484 2341,3486 2418,3488 2494,3488 2571,3490 2648,3492 2648,3449 2571,3447 2494,3445 2418,3445 2341,3443 2265,3441 2188,3441 2111,3441 2035,3439 1958,3439 1882,3439 1805,3439 1728,3437 1652,3437 1575,3437 1499,3437 1422,3437 1345,3439 1269,3439 1192,3439 1116,3439"/>
<Baseline points="1116,3468 1192,3468 1269,3468 1345,3468 1422,3466 1499,3466 1575,3466 1652,3466 1728,3466 1805,3468 1882,3468 1958,3468 2035,3468 2111,3470 2188,3470 2265,3470 2341,3472 2418,3474 2494,3474 2571,3476 2648,3478"/>
<TextEquiv>
<Unicode>que nous avançons et par conséquent, bien déci¬</Unicode>
</TextEquiv>
</TextLine>
<TextLine custom="readingOrder {index:36;}" id="r1l37">
<Coords points="1098,3541 1176,3541 1254,3541 1332,3541 1411,3541 1489,3543 1567,3543 1646,3543 1724,3543 1802,3543 1881,3545 1959,3545 2037,3545 2115,3546 2194,3547 2272,3547 2350,3549 2429,3551 2507,3551 2585,3553 2664,3555 2664,3515 2585,3513 2507,3511 2429,3511 2350,3509 2272,3507 2194,3507 2115,3506 2037,3505 1959,3505 1881,3505 1802,3503 1724,3503 1646,3503 1567,3503 1489,3503 1411,3501 1332,3501 1254,3501 1176,3501 1098,3501"/>
<Baseline points="1098,3528 1176,3528 1254,3528 1332,3528 1411,3528 1489,3530 1567,3530 1646,3530 1724,3530 1802,3530 1881,3532 1959,3532 2037,3532 2115,3533 2194,3534 2272,3534 2350,3536 2429,3538 2507,3538 2585,3540 2664,3542"/>
<TextEquiv>
<Unicode>¬dés à ne tenir aucun compte des avis que vous </Unicode>
</TextEquiv>
</TextLine>
<TextLine custom="readingOrder {index:37;}" id="r1l38">
<Coords points="1104,3597 1182,3599 1260,3601 1338,3603 1416,3604 1494,3605 1572,3607 1650,3607 1728,3609 1806,3609 1884,3611 1962,3611 2040,3611 2118,3613 2196,3613 2274,3615 2352,3615 2430,3617 2508,3617 2586,3619 2664,3621 2664,3581 2586,3579 2508,3577 2430,3577 2352,3575 2274,3575 2196,3573 2118,3573 2040,3571 1962,3571 1884,3571 1806,3569 1728,3569 1650,3567 1572,3567 1494,3565 1416,3564 1338,3563 1260,3561 1182,3559 1104,3557"/>
<Baseline points="1104,3584 1182,3586 1260,3588 1338,3590 1416,3591 1494,3592 1572,3594 1650,3594 1728,3596 1806,3596 1884,3598 1962,3598 2040,3598 2118,3600 2196,3600 2274,3602 2352,3602 2430,3604 2508,3604 2586,3606 2664,3608"/>
<TextEquiv>
<Unicode>voulez bien nous faire parvenir, ce dont nous </Unicode>
</TextEquiv>
</TextLine>
<TextLine custom="readingOrder {index:38;}" id="r1l39">
<Coords points="1092,3672 1141,3672 1190,3672 1240,3673 1289,3674 1339,3674 1388,3674 1437,3674 1487,3676 1536,3676 1586,3676 1635,3676 1684,3678 1734,3678 1783,3678 1833,3680 1882,3680 1931,3680 1981,3680 2030,3681 2080,3682 2080,3634 2030,3633 1981,3632 1931,3632 1882,3632 1833,3632 1783,3630 1734,3630 1684,3630 1635,3628 1586,3628 1536,3628 1487,3628 1437,3626 1388,3626 1339,3626 1289,3626 1240,3625 1190,3624 1141,3624 1092,3624"/>
<Baseline points="1092,3656 1141,3656 1190,3656 1240,3657 1289,3658 1339,3658 1388,3658 1437,3658 1487,3660 1536,3660 1586,3660 1635,3660 1684,3662 1734,3662 1783,3662 1833,3664 1882,3664 1931,3664 1981,3664 2030,3665 2080,3666"/>
<TextEquiv>
<Unicode>pouvons très bien nous passer.</Unicode>
</TextEquiv>
</TextLine>
<TextLine custom="readingOrder {index:39;} person {offset:0; length:8;}" id="r1l40">
<Coords points="2242,3750 2268,3750 2294,3750 2320,3750 2346,3750 2372,3750 2398,3750 2425,3750 2451,3750 2477,3752 2503,3752 2529,3752 2555,3753 2581,3754 2608,3754 2608,3705 2581,3705 2555,3704 2529,3703 2503,3703 2477,3703 2451,3701 2425,3701 2398,3701 2372,3701 2346,3701 2320,3701 2294,3701 2268,3701 2242,3701"/>
<Baseline points="2242,3734 2268,3734 2294,3734 2320,3734 2346,3734 2372,3734 2398,3734 2425,3734 2451,3734 2477,3736 2503,3736 2529,3736 2555,3737 2581,3738 2608,3738"/>
<TextEquiv>
<Unicode>A. Simon</Unicode>
</TextEquiv>
</TextLine>
<TextLine custom="readingOrder {index:40;}" id="r1l41">
<Coords points="954,4008 1043,4002 1133,3996 1222,3992 1312,3986 1402,3983 1491,3980 1581,3978 1670,3976 1760,3974 1850,3972 1939,3972 2029,3972 2118,3974 2208,3974 2298,3976 2387,3980 2477,3984 2566,3987 2656,3992 2746,3998 2746,3949 2656,3943 2566,3938 2477,3935 2387,3931 2298,3927 2208,3925 2118,3925 2029,3923 1939,3923 1850,3923 1760,3925 1670,3927 1581,3929 1491,3931 1402,3934 1312,3937 1222,3943 1133,3947 1043,3953 954,3959"/>
<Baseline points="954,3992 1043,3986 1133,3980 1222,3976 1312,3970 1402,3967 1491,3964 1581,3962 1670,3960 1760,3958 1850,3956 1939,3956 2029,3956 2118,3958 2208,3958 2298,3960 2387,3964 2477,3968 2566,3971 2656,3976 2746,3982"/>
</TextLine>
<TextEquiv>
<Unicode>Les tisseurs lyonnais
Lettre ouverte à M. le Procureur
de la République, à Lyon
Dans la journée d'hier, vous avez fait appeler à 
votre bureau le gérant du Peuple pour le prier
de rectifier les articles parus au sujet de la grève
des tisseurs lyonnais, vos renseignements parti¬
¬culiers (sic) vous permettant d'affirmer qu'il n'y
avait pas de grève, en ce moment, dans le tissage
lyonnais.
Vous nous permettrez de trouver bien étranger
votre immixtion dans la rédaction du journal, at¬
¬tendu que s'il y avait eu, dans nos articles. mo¬
¬tifs à user des fonctions que la loi vous a dévo¬
¬lues, vous l'auriez certainement fait.
Nous persistons à dire qu'il y a eu grève des ou¬
¬vriers tisseurs à la Croix-Rousse; que cette grève
a été dirigée contre sept maisons dont, pour votre
édification, nous voulons bien rappeler les noms :
Béraud et cie, Bérard et Ferrand, Tresca frères, 
Bachelard et Cie, Piolet et cie, Atuyer, bianchini
et Férier, Schulz et Cie ; que ces divers fabricants 
n'ont consenti à une augmentation des prix de
façon qu'après plusieurs entrevues avec les délé¬
¬gués des tisseurs.
Nos renseignements particuliers nous permet¬
¬tent d'ajouter que le mouvement de revendications
ne se hornera pas aux sept maisons ci-dessus dé¬
¬signées.
Est-ce de notre faute, si la police vous rensei¬
¬gne mal, si son service d'informations nous induit
en erreurs ?
Nous continuerons donc à tenir nos lecteurs au
courant du mouvement qui s'est produit parmi les
tisseurs lyonnais, certain de la véracité des faits
que nous avançons et par conséquent, bien déci¬
¬dés à ne tenir aucun compte des avis que vous 
voulez bien nous faire parvenir, ce dont nous 
pouvons très bien nous passer.
A. Simon
</Unicode>
</TextEquiv>
</TextRegion>
</Page>
</PcGts>