4000 6000
3408 474 3492 554 2
792 770 3302 960 Situation industrielle au 15 juin 1859
2014 1263 3566 1358 N'ont pas en des baines depuis le commencement de la Maison
1456 1278 1836 1366 3.50 à 4.00
400 1317 1220 1395 Etoffes unies de 2 à 3f
634 1395 1050 1455 Moyenne 2f50
2014 1586 3596 1680 Se sont également maintenues. il y a des ouvriers qui gagnent
1446 1600 1826 1698 4.50 à 5.00
400 1630 1176 1713 Etoffes façonnées 4f
460 1730 1194 1798 mais à cause de non travail
1998 1756 2680 1840 jusqu'à 6f par journée
432 1811 1244 1871 par journée ne vaut pas plus
432 1873 700 1933 de 2f
2022 2070 3606 2170 Il existe très peu de métiers à Lyon. La fabrication des velours
1442 2108 1836 2192 1.75 à 2.00
362 2122 1318 2202 Velours unis même chose
2010 2238 3630 2334 unis tend tous les jours à les transporter dans les campagnes. C'est
2002 2406 3664 2500 la partie la moins payée les ouvriers étant obligés de partager
2010 2572 3660 2666 avec les patrons qui ce réduit leur journée au chiffre indiqué.
2022 2914 3542 3006 Cette partie marche bien. Quelques ouvriers gagnent
1458 2934 1814 3018 4 à 5.00
330 2939 1366 3031 Velours façonnés 3.50 à 4f
414 3051 1334 3130 Exception 20 ou 100 gagnent
2014 3102 2720 3194 jusqu'à 10f par jour
412 3141 580 3210 6f.
1434 3444 1850 3530 1.50 à 2.00
2012 3446 3648 3532 Marche aussi bien que les tissages. Les devideuses qui ont
384 3442 1342 3546 Devidage 1.25 le prix
404 3539 1324 3642 est le même mais la soie étant
404 3607 1306 3714 moins ciré elle ne peut gagner
2016 3626 3280 3722 un métier chez elles peuvent gagner jusqu'à 3.50
386 3682 736 3765 d'avantage.
362 3967 1558 4063 Ourdissage 2.00f
2020 3964 3596 4058 Dans cette partie qui n'a pas chômé plus que les autres
552 4065 1566 4161 et le reste a 2.50 en ce moment
1982 4140 3536 4236 les ouvrières sont à l'année depuis 200 jusqu'à 350f.
348 4478 1334 4597 Moulinage 1.25
2008 4490 3658 4574 n'a pas chômé, les ouvrières sont logées en partie chez le patron
1468 4486 1834 4578 1.25 à 1.50
512 4574 884 4641 en général
418 4796 1228 4880 Apprêteur d'étoffes
1454 4828 1802 4888 1.25 à 1.50
2028 4822 3528 4910 Le travail ne s'est pas ralenti depuis longtemps. Les
1486 4904 1756 4976 (par mois)
440 4915 1264 5003 cela ne change pas
2028 4990 2744 5084 ouvriers sont au mois.
404 4994 1378 5102 le chômage qui réduit le prix
396 5084 708 5161 du mois.
448 624 2028 784 Lisseuses même chose 2.00 à 2.50
348 1089 2048 1261 Peigniers pr la fabrique 3.00 à 5.00
1022 1251 2008 1314 2f50 3f et 4f de 5 et 6f
1026 1315 1622 1398 même exception
410 1590 2078 1752 Tullistes 3.50 a 4f   2.50 à 5.00
292 1938 1760 2068 Chineurs 1.50 et 3.75
306 2055 1714 2184 Imprimer c'est une nouvelle disposition
210 2352 1658 2464 Plieurs quand il travaille 12 et 15f
258 2504 1890 2616 il y a des jours qu'il ne plie qu'une ou 2 pièces
262 2640 1928 2758 60 ou 1 livre ce ne sont que des maîtres.
1588 3052 2080 3144 4.00 à 5.00
302 3055 1346 3149 Fabt de Châles
324 3155 1452 3257 laine ou 1/4 3f 3.50 une petite
306 3277 1102 3368 partie exception 4f
298 4112 1338 4200 Ornements d'Eglises
1572 4122 2070 4210 4.00 à 5.00
420 4226 778 4322 de 3 à 4f
2168 574 3580 704 Leur travail ne s'est pas ralenti. Les ouvrières
2186 731 3568 865 qui travaillent chez elles gagnent jusqu'a 5f
2222 1050 3594 1186 Le travail qui s'était un peu ralenti a repris
2220 1228 2836 1356 depuis quelques temps.
2230 1566 3766 1704 Dans cette partie les ouvriers travaillant sur les
2232 1738 3736 1898 métiers dits Beaubin pensent gagner de 4 à 5f50
2234 1922 3778 2062 mais ceux qui travaillent sur les métiers circulaires
2234 2106 3780 2245 où ils ne sont payés que tant par K° c'est à peine
2242 2282 2942 2411 s'ils arrivent à 3f.
2240 2454 3810 2596 La plupart de ces derniers mètres chôment faute
2248 2646 2548 2784 de bras.
2296 3019 3732 3147 Les nombres des métiers des châles a été bien
2270 3164 3750 3311 réduit, mais ceux qui restent sont tous occupés.
2296 3340 3764 3492 Lors des premiers temps de guerre le travail
2314 3544 3794 3685 s'est ralenti pendant quelques jours seulement
2286 3724 3376 3851 il a complètement repris depuis.
2330 4068 3708 4216 Cette partie a beaucoup baissé par suite des
2296 4246 3774 4396 relations interrompues avec l'Italie. Les ouvriers
2308 4418 3762 4572 de cette partie qui manquaient de travail se
2294 4616 3814 4762 sont mis à faire l'armure qui se rapproche
2288 4810 3132 4946 beaucoup de l'ornement.
236 719 1634 868 Teinturiers même chose 3.50 à 4.00
612 835 1234 924 mais ne font que 3 à 4 journées.
1236 1501 1646 1577 3.00 à 3.50
180 1545 1092 1652 Imprimeurs sur étoffes
190 3007 1754 3160 Ateliers d'Oullins 3.50 à 5.00
244 4619 1828 4740 Ateliers de la Buire 3.50 à 5.00
1818 602 3364 785 La teinturerie a très bien marché jusqu'à ce jour. Le
1816 738 3466 933 chômage qui dans cette partie arrive à cette époque de l'année
1828 888 3370 1083 ne s'est fait sentir que dans quelques rares ateliers.
1836 1052 3086 1241 En somme le travail marche encore bien.
1864 1347 3542 1552 L'imprimerie sur étoffes est arrivée à l'époque de l'année ou
1852 1521 3552 1727 le chômage se fait le plus sentir mais dans 3 semaines ou
1882 1693 3524 1889 un mois au plus il va reprendre de plus fort pour les étoffes
1892 1862 3540 2049 d'hiver. Dans les petites fabriques comprises de 25.30 à 40
1894 2012 3542 2227 ouvriers tous se fait en ce moment que la moitié de la
1862 2182 3626 2398 semaine, mais chez les M.M. Jandin Giraud Mellier
1902 2358 3618 2562 et Cie à Ficra bénite, les ouvriers au nombre de 50.80 à
1902 2562 2998 2743 40 travaillent tous journellement.
1934 2884 3614 3095 Depuis le mois de mars il y a eu une diminution des prix
1952 3066 3666 3271 de moitié dans le nombre des ouvriers sur 1100 ils ne sont
1948 3259 3598 3455 plus aujourd'hui que 500 et quelques. Cela tient ainsi
1944 3417 3610 3631 que je l'ai dit dans mon dernier rapport à ce que Paris
1930 3596 3630 3811 Mulhouse fabriquent les mêmes ouvrages à de meilleurs
1960 3778 3630 3989 prix. Ils n'ont en ce moment aucune grande
1986 3964 3702 4159 entreprise. Certains ouvriers gagnent 6.8 et 10 jusqu'à
1944 4214 2152 4361 12f.
2004 4500 3674 4711 Les ateliers de la Buise se trouvent absolument dans
1984 4678 3696 4881 les mêmes conditions que ceux d'Oullins et occupent 400
1994 4868 3478 5055 ouvriers de moins qu'au mois de mars dernier.
504 1072 1182 1156 Etoffes unies
462 1702 1262 1808 Etoffes façonnées
438 2264 1122 2352 Velours unis
378 3244 1184 3326 Velours façonnés
352 4208 1022 4304 Dévidage
1458 449 2734 595 Situation industrielle
1652 576 2504 721 au 3 septembre 1859
2376 1005 3774 1127 Le travail commence un peu à se ralentir dans
1498 1015 2030 1133 2.50 à 3.50
2208 1139 3682 1263 cette partie, déjà plusieurs métiers chôment et
2190 1280 3780 1392 l'ouvrier a du subir une baisse nuisible dans les prix de
2182 1412 2950 1524 la journée de travail.
1468 2227 2032 2325 1.75 à 2.00
2346 2233 3814 2337 Il y a déjà une baisse sensible dans cette partie
2180 2373 3722 2479 l'on s'attend à une plus grande provenant doit du
2190 2520 3818 2613 chomâge qui a lieu tous les ans vers cette époque soit de
2190 2636 3814 2745 la cherté des soies. Les prix n'ont pas varié pour
2194 2740 3766 2845 les ouvriers occupés. La fabrication des velours ainsi
2198 2862 3838 2960 que je l'ai dit dans mon dernier rapport tend tous les jours
2190 2990 3292 3088 à se transporter dans les campagnes.
1420 3233 2090 3347 2.50 3.50
2388 3273 3700 3365 Cette partie se maintient encore, mais on
2170 3394 3182 3504 s'attend tous les jours à une baisse.
2358 3547 3658 3651 Les ouvriers de cette partie ont la ressource
2168 3683 3806 3787 d'entreprendre l'armure qui leur offre moins de bénéfices
2154 3815 3762 3933 mais où ils peuvent pourtant encore gagner de 2.50 à
2162 3980 2304 4079 3f.
2388 4271 3622 4383 Le chomâge se fait déjà sentir d'une
2160 4401 3244 4515 manière sensible dans cette partie.
2350 4543 3730 4651 Les ouvrières restent toujours logé chez leurs
2150 4687 3704 4795 patrons mais il n'est pas possible d'établir la
2160 4815 3716 4941 moyenne de leur journée de travail attendu qu'il
2160 4963 2812 5085 n'est plus régulier.
2358 5105 3694 5247 Il y a en ce moment un tiers des ouvriers qui
2150 5239 2716 5369 ne travaille pas.
470 610 1224 816 Moulinages
530 1126 1182 1324 Ourdinages
504 1376 1272 1566 Apposage d'étoffes
450 1908 910 2080 Lisseuses
430 2572 1484 2746 Peigniers pr la fabrique
466 3480 950 3644 Tullistes
348 4608 1280 4820 Fabt de Châles
384 5034 1340 5226 Ornements d'Eglises
1618 3508 2108 3662 2.50 à 5.00
1562 4668 1938 4824 3.50 à 5.
2214 518 3646 648 se trouve dans les mêmes conditions que les
2210 668 2614 782 dévidages
2244 1348 3616 1460 Le travail se maintient il n'y a pas de
2212 1485 3696 1592 variation depuis le 15 juin dernier ou l'on
2216 1619 3308 1725 s'attend cependant à une baisse.
2268 1907 3752 2022 Depuis un mois environ le travail s'est beaucoup
2188 2049 3732 2162 ralenti. La moitié des ouvrières sont au travail.
2226 2203 3716 2322 Le prix de la journée n'a pas carié pour celles
2220 2353 2528 2458 occupées.
2316 2649 3622 2756 Le travail marche encore l'on achève mes
2180 2795 3732 2898 dernières commissions mais il n'en plus.
2198 2939 3660 3044 Il y a dans cette partie 3 catégories d'ouvriers
2194 3085 3720 3196 à 5, 3 et 2.50 ceux de la dernière sont en
2186 3241 2854 3344 partie sans travail.
2310 3521 3686 3638 Cette partie se maintient dans les conditions
2208 3677 3672 3780 où elle se trouvait dans mon dernier rapport.
2188 3823 3736 3932 Il n'est pas mention jusqu'ici de chomâge.
2350 3953 3764 4068 Comme il y a plusieurs genres de métiers dans cette
2190 4103 3818 4226 partie la différence nitale qui existe dans le prix de
2174 4261 3758 4376 la journée de l'ouvrier provient à la différence de
2178 4407 3154 4514 métier sur lequel il travaille.
2392 4713 3756 4822 Cette partie marche très bien et ne
2142 4867 3116 4978 parrait pas vouloir cesser.
2396 5113 3826 5238 Cette partieest dans les mêmes conditions.
2144 5261 3814 5382 où elle se trouvait au 15 juin dernier. Il existe
2138 5446 3794 5524 très peu de métiers et la plus grande partie vient
2140 5614 2868 5667 pour la fabrique d'ornements en Vaux.
364 704 1024 882 Teinturerie
290 1616 1266 1794 Imprimeur sur étoffes
256 2540 1178 2712 Ateliers d'Oullins
280 4046 1486 4206 Ateliers de la Buise
1910 639 3502 804 Le chomâge est très pénible dans cette partie.
1944 756 3522 922 Le nombre d'ouvriers
1932 884 3556 1046 est diminué dans les grands comme dans les petits ateliers
1924 1009 3514 1184 et encore ceux qui restent sont-ils obligés de
1926 1159 3592 1318 se reposer tantôt 2 tantôt 3 par journées.
2032 1295 3538 1433 Le prix de la journée est toujours le même.
2192 2483 3690 2640 Le travail a beaucoup repris dans cette usine.
2196 2635 3684 2778 Le nombre d'ouvriers qui depuis le mois de mars
2056 2783 3586 2922 au 15 juin était descendu de 1100 à 600 est
2036 2927 3384 3066 remonté aujourd'hui à 1200 et quelques.
2196 3049 3626 3202 Il est arrivé des commandes
2028 3189 3582 3338 pressées dont l'execution nécessitera un
2038 3355 2964 3472 travail de quelques mois.
2238 3471 3694 3616 Les prix sont toujours les mêmes il y a des
2032 3609 3666 3772 ouvriers depuis 3f jusqu'à 10 et 12 par
2050 3807 2294 3912 journée.
2258 4055 3634 4190 Le travail reprend aussi dans cette usine.
2244 4183 3742 4332 Le nombre d'ouvriers qui était de 1700 au mois
2080 4332 3788 4476 de juin dernier était descendu à 200 il est aujourd'hui
2180 4463 3778 4600 à ce chiffre mais tous les jours le nombre augmente.
2222 4605 3770 4750 Le prix à la journée de travail est la même
2088 4793 2554 4920 qu'a Oullins.
210 639 1186 775 Commissariat Spécial
250 909 1118 1026 Police politique
310 1437 1040 1551 Etoffes unies
294 1969 1112 2077 Etoffes façonnées
326 2505 1066 2607 Velours unis
314 3213 1106 3299 Velours façonnés
356 4003 1046 4089 Dévidage
366 4677 1080 4781 Moulinage
364 5017 1052 5117 Ourdissage
1630 603 3634 809 Situation industrielle à Lyon
1690 813 2738 965 au 3 octobre 1859
2286 1126 3646 1287 Le travail s'est complètement ralenti dans cette
2094 1272 3692 1440 partie. Plus de la moitié des métiers sont en chômage.
1286 1361 1808 1491 2.00 à 2.50
2112 1426 3574 1556 Les ouvriers qui travaillent encore ont subi une
2096 1571 3078 1709 diminution de 10f par mètre.
2308 1835 3566 1969 Le travail est dans les mêmes conditions.
1284 1899 1822 2029 2.50 à 3.00
2276 2115 3644 2249 Les métiers pour velours sont en grande partie
2160 2247 3684 2403 insecurisés. Les ouvriers qui travaillent pour le compte
2140 2389 3728 2537 d'un chef d'atelier gagnent à peine de 35 à 45f par mois.
1304 2455 1830 2585 1.75 à 2.00
2136 2549 3722 2685 Quant à ceux qui ont leur métier ils ont subi une
2102 2705 3034 2831 diminution de 50c par mètre.
2354 2973 3666 3099 Les velours façonnés sont dans les mêmes
2154 3129 3686 3271 conditions et dans certains articles il y a eu jusqu'à
1300 3180 1854 3285 3.00 à 3.75
2134 3291 3118 3411 75c de diminution par mètre.
2374 3577 3752 3703 Le dévidage est arrivé comme les autres parties
2180 3723 3690 3855 de la fabrique au plus fort du chomâge. Dans
2176 3863 3662 3997 mon dernier rapport je signalais un tiers d'ouvriers
1388 4001 1752 4113 1.50 à 2.00
2182 4013 3708 4143 innocupés aujourd'hui c'est plus de la moitié et encore
2200 4159 3664 4285 cette faible moitié ne travaille-t-elle que par
2192 4319 2512 4423 moments.
2382 4599 3682 4715 Se trouve dans les mêmes conditions
1360 4699 1886 4807 1.25 à 1.50
2186 4763 2698 4875 que le dévidage
1382 5064 1834 5127 200 à 350
2394 5063 3576 5173 On peut en dire autant de l'ourdissage
1470 5147 1712 5211 par an
465 587 1337 772 Apprétage des étoffes
436 1064 1104 1262 Lisseuses
486 1604 1290 1786 Peigniers pr la fabrique
442 2184 1048 2340 Tullistes
422 2600 1218 2770 Fabt de Châles
406 3080 1284 3238 Ornements d'Eglise
418 4328 1212 4502 Teinturerie
1496 598 1934 670 1.25 à 1.50
1646 665 1854 740 par mois
1456 1076 2004 1153 2.50 à 3.50
1464 1625 1997 1703 3.00 à 5.00
1454 2196 1975 2313 2.50 à 5.00
1454 2617 1974 2741 3.50 à 4.50
1446 3119 1965 3222 3.50 à 4.00
2500 385 3788 531 Le travail se maintient encore mais va
2314 536 3732 662 arriver au premier jour dans un chômage
2330 673 2582 784 complet.
2500 945 3744 1069 Le prix de la journée n'a pas varié dans
2320 1087 3752 1209 cette partie mais le travail est en pleine décadence.
2484 1354 3796 1487 Le travail s'est maintenu jusqu'à ce jour.
2296 1509 3900 1641 On n'a pas encore renvoyé d'ouvriers mais les commandes
2322 1647 3852 1771 n'arrivent plus et l'on s'attend ainsi à un chômage
2310 1796 2878 1909 qui est imminent.
2480 2084 3896 2205 Il n'y a pas eu de variation dans cette partie
2266 2228 3178 2351 depuis mon dernier rapport.
2492 2525 3892 2638 Le travail s'est peu ralenti il y a eu cependant
2262 2665 3534 2783 diminution dans le prix de fabrication.
2502 2954 3854 3067 Cette partie est toujours dans les mêmes
2294 3104 3914 3221 conditions. Il existe très peu de métiers dont la mejeure
2302 3264 3302 3381 partie font l'ornement en faux.
2496 3556 3932 3674 La teinturerie se ressent du chômage de la fabrique.
2330 3700 3806 3808 Cependant ce chômage se fait plus ou moins
2322 3841 3398 3962 sentir dans certains ateliers ainsi :
2518 3985 3936 4093 Chez M. Michel à la quarantaine il existe toujours
2348 4123 3940 4239 le même nombre d'ouvriers mais ils se reposent un jour
2312 4278 2756 4398 par semaine.
2482 4410 3888 4529 Chez M. Renau, quai Pierre-seize il y avait le mois
2282 4552 3842 4679 précédent 20 ouvriers en repos par jour aujourd'hui ils sont
2288 4717 2654 4826 tous occupés.
2498 4857 3894 4968 Chez M. Gilet à Serin il y a 50 ouvriers de moins que le mois
2282 5002 3758 5117 dernier et ils ne travaillent que la moitié de la semaine.
2466 5146 3800 5265 Chez m. Vindry quai St Vincent le travail a repris.
1430 4362 1986 4498 3.50 à 4.00
378 562 1470 712 Préfecture du Rhône
1850 856 3602 1018 Situation de l'industrie
358 1036 1310 1194 Commissariat Spécial
1558 1032 3522 1224 à Lyon au 15 décembre 1860
392 1414 1454 1574 Police politique
2114 2454 3716 2588 Depuis le dernier trimestre cette partie n'a pas chômé.
1996 2602 3696 2752 Tous les ouvriers sont occupés et ont du travail encore pour
1232 2652 1772 2782 2 à 2.50
360 2704 1128 2832 Etoffes unies
2008 2764 3628 2914 quelques temps. Les prix sont toujours à peu près les mêmes.
2144 3070 3682 3208 Cet article est aujourd'hui en pleine vague. Les ouvriers
2004 3232 3784 3374 n'éprouvent plus de perte de temps à attendre la remise des pièces
298 3370 1760 3500 Etoffes façonnées 3 à 3.50
2018 3382 3742 3522 et sont au contraire pressés par les fabants. Le prix des façons
2016 3564 2514 3680 a été augmenté.
2132 3856 3802 3986 Pas de variation dans cette partie depuis le dernier trimestre.
342 3968 1736 4104 Velours unis 1.75 à 2
1940 4012 3526 4148 Les métiers sont peu nombreux et tous sont occupés.
2150 4318 3816 4446 Cette partie marche bien et l'ouvrier qui a son métier chez lui peut
2038 4468 3808 4604 gagner de 4 à 5f par jour. Il y a eu redudescence dans le travail depuis
1280 4500 1798 4620 3 à 3.50
354 4506 1180 4632 Velours façonnés
2026 4636 2546 4752 le dernier trimestre.
396 4900 1032 5042 Devidage
2142 4940 3750 5056 Cette partie est en pleine activité. Les ouvriers manquent
1324 4954 1996 5070 1.50 à 1.75
1292 1195 1873 1337 5.40 à 5.75
1278 1544 1808 1761 2.50 à 3
1250 2011 1845 2210 3 à 3.50
1236 2479 1817 2644 3 à 3.50
1250 2937 1798 3140 3.50 à 4
1242 3509 1874 3776 3.50 à 4.50
1238 4244 1808 4453 2 à 3
1298 4895 1832 5091 3.50 à 4.50
390 1222 1134 1404 Moulinage
396 1584 970 1746 Lisseuses
318 2036 1168 2210 Liseurs de dessins
430 2490 878 2652 Plieurs
350 2948 1152 3112 Imprimeurs sur étoffes
372 3582 814 3742 Châles
392 4262 978 4460 Tullistes
302 4912 1132 5084 Teinturiers en soie
2158 1041 3718 1179 N'a jamais mieux marché qu'aujourd'hui. Il y a eu une
2050 1193 3614 1351 augmentation de 15c dans le prix de la journée de travail
2182 1497 3490 1637 Sont toutes occupées. Les prix sont les mêmes.
2090 1803 3790 1943 Sont tous occupés mais n'ont pas un travail régulier. Les ouvriers
2048 1969 3820 2103 à leurs pièces vont gagner jusqu'à 12f par jour et resteront ensuite 2 ou 3
2064 2137 2600 2261 jours sans ouvrage.
2158 2437 3378 2573 Sont dans les mêmes conditions que les liseurs.
2182 2750 3826 2891 Tous les ouvriers sont occupés cependant le travail marche péniblement.
2042 2910 3246 3047 les commissions n'arrivent que de loin en loin.
2184 3080 3108 3199 Les prix sont toujours les mêmes.
2174 3378 3728 3513 En pleine activité pour le moment, on espère que le travail se
2039 3576 3800 3648 maintiendra. Quelques fabt ont donné une augmentation de 1/2 par
2054 3705 2658 3843 1,000 coups de navette.
2138 3981 3828 4127 Depuis un mois environ le travail a baissé surtout fans la partie des
2046 4136 3778 4277 tulles dite Bobin. Les métiers à la chaine et circulaires qui, il y a quelques
2054 4286 3692 4425 jours ne marchaient presque plus, paraissent reprendre depuis une
2060 4471 2328 4587 quinzaine.
2154 4747 3826 4881 Cette partie est dans de très bonnes conditions. Tous les ateliers sont au grand
2032 4891 3828 5037 complet et dans certains tels que chez M.M Renard, Guinon et Bonchart les ouvriers
2018 5061 2928 5187 travaillent encore après leur journée.
1093 1192 1574 1375 3 à 5
1118 1732 1649 1901 3 à 5.50
1108 2134 1649 2268 3 à 550
1093 2452 1669 2551 3 à 550
1128 2729 1683 2908 2.75 à 4.50
1118 3111 1609 3265 3 à 6
1186 4003 1737 4187 3 à 4
1180 4802 1805 4955 3.50 à 4.50
254 1244 994 1401 Peigniers p° la fabrique
208 1820 1018 1983 Ateliers de la Buire
304 2186 1014 2347 Ateliers du Gd Central
256 2500 958 2625 Ateliers d'Oullins
244 2814 1032 2963 Machines à vapeur
240 3180 1022 3329 Ornements en bronze
246 3476 674 3601 Maçons
264 3620 814 3751 Menuisiers
266 3773 834 3896 Charpentiers
318 3921 900 4036 Ferblantiers
300 4068 808 4186 Couvreurs
348 4206 1058 4322 Peintres platriers
286 4364 1070 4477 Tailleurs de pierre
270 4508 782 4623 Serruriers
334 4802 862 4913 Chapeliers
296 5118 1068 5241 Tailleurs d'habits
1912 907 3438 1084 Depuis le dernier trimestre le travail s'est maintenu dans d'assez
1824 1040 3362 1232 bonnes conditions. Tous les ouvriers de cette partie sont occupés mais les
1838 1222 2554 1360 commissions arrivent lentement.
1936 1437 3470 1630 Depuis le 15 juin dernier les commandes manquent dans cette usine
1826 1575 3486 1788 et le nombre d'ouvriers occupés a toujourd été en diminuant au 15 7bre il y avait
1846 1749 2954 1927 250 ouvriers ils ne sont plus aujourd'hui que 120.
1952 2011 3382 2205 Pas de variation depuis le dernier trimestre. Il y a 200 ouvriers.
1940 2301 3330 2495 Le travail se maintient dans cette usine. Il y a 1617 ouvriers.
1950 2595 3394 2781 Il n'y a pas de variation sensible depuis mon dernier rapport.
1998 2883 3606 3091 Les ouvriers de cette partie ont plus de commandes qu'ils ne peuvent en
1890 3139 1998 3249 faire.
2052 3489 3540 3699 Tous les ouvriers de ces diverses professions sont occupés.
1928 3637 3582 3853 Le prix de la journée de travail a été diminué en raison
1936 3789 3614 4001 de la diminution des heures pour les ouvriers ci-après :
1968 3947 3598 4151 Maçons, charpentiers, couvreurs et peintres la
1946 4099 3546 4311 diminution est de 50c pour certains et de 75c
1960 4327 2442 4471 pour d'autres.
2086 4735 3310 4895 Les ouvriers de cette partie sont tous occupés
2050 5041 2854 5195 N'ont pas un travail suivi
1180 5084 1829 5261 2.50 à 3.50
1956 1215 3366 1351 Ceux qui travaillent pour les magasins de consution n'ont plus
1838 1345 3300 1487 de travail. Les ouvriers qui travaillent à la commande ont de
304 1446 1614 1610 Cordonniers 2.23 à 3
1830 1484 2902 1624 l'ouvrage et gagnent d'assez bonnes journées.
526 1756 3372 1996 Depuis le dernier trimestre la fabrique s'est maintenue dans de très bonnes conditions. Toutes les industries qui s'y
384 1902 2702 2144 attachent ont profité de cet état de choses qui, à ce que l'on croit, continuera encore quelques temps.
1306 2318 2494 2470 Condition des soies
1966 2560 3192 2714 Du 15 septembre au 15 décembre 1860
558 2638 1520 2796 Du 15 septembre au 15 décembre 1859
1978 2850 3108 2990 Balles entrées et sorties 10 892
1272 2926 1478 3040 9241
470 2940 1100 3052 Balles entrées et sorties
1250 3095 1498 3184 1651
296 3070 1118 3194 Différence en plus pour l'année 1860
2778 3134 3130 3211 10 892
1218 3201 1522 3296 10 892
1748 3446 2678 3600 Lyon, le 15 décembre 1860
1874 3636 2910 3772 Le Commissaire Spécial
1071 461 3318 677 Situation industrielle au 15 juin 1860
2198 866 3678 953 Cet article qui comprend les satins, taffetas en gros de
2087 977 3211 1057 Naples a repris depuis un mois environ.
2233 1047 3713 1106 L'armure parait avoir cette année une plus grande vogue.
2103 1097 3677 1149 Elle rentre aussi dans la même partie et les ouvriers ont généralement
2102 1207 3631 1270 abandonné les autres articles pour confectionner ce dernier qui n'a
2094 1252 3391 1371 érigé que quelques légères modifications dans les métiers.
2253 1424 3719 1504 Le travail a également repris depuis un mois et quelques
2096 1573 3673 1643 métiers choment faute d'ouvriers. Il est vrai de dire que le
2117 1653 2914 1723 nombre n'en est pas grand.
2246 1758 3677 1859 Cette partie qui peu à peu fut transportée à la
2114 1883 3733 1925 campagne est presque perdue à Lyon. Il n'y a plus que
2121 1981 3283 2057 peu de métiers qui sont tous occupés.
2278 2107 3607 2209 Cette partie qui se maintient encore à Lyon est
2134 2255 3728 2294 aujourd'hui dans de bonnes conditions. Quelques ouvriers rares il
2142 2352 3094 2415 est vrai gagnent de très fortes journées.
2297 2453 3634 2593 Se remet de l'impulsion donnée à la fabrique
2317 2632 3249 2780 Se trouve dans les mêmes conditions
2317 2850 3374 2943 A repris ainsi que les autres parties
2328 3005 3160 3130 Sont presque tous occupés.
2325 3182 3767 3319 Il y a peu d'ateliers à Lyon. Le nombre d'ouvriers a
2197 3307 3697 3404 toujours été à peu près le même pendt le chômage et le
2189 3408 3561 3532 travail a repris bien avant celui de la fabrique.
2337 3602 3549 3680 Peu de variations depuis fort longtemps.
2341 3750 2881 3913 Marche bien
2363 3928 3762 4006 Depuis deux ans environ cette partie a beaucoup
2223 4068 3805 4095 perdu. Plusieurs métiers ont été changés pour faire l'ornement
2219 4181 3572 4239 en fauve pourtant ceux qui restent sont occupés.
2398 4317 3758 4371 La teinturerie a repris depuis 5 semaines. Les
2231 4433 3801 4476 ouvriers font la semaine en entier. Les ateliers ne sont
2246 4542 3821 4593 pas encore au grand complet. Quelques ouvriers, les mauvais,
2246 4624 2876 4744 sont encore inoccupés.
2382 4748 3856 4837 Cette partie est dans de bonnes conditions. il y
2254 4896 3778 4977 a des ouvriers qui gagnent jusqu'à 150f par mois.
2262 4989 3171 5071 Ils sont un peu rares il est vrai.
2433 5121 3463 5234 Occupent 1800 à 2000 ouvriers.
1180 1137 2041 1254 2.00 à 2.50
1222 1557 2041 1701 2.50 à 3.00
1187 1922 2062 2046 1.75 à 2.00
1166 2204 2082 2383 2.50 à 3.00
1228 2541 2075 2652 1.50 à 2.00
1222 2707 2068 2810 1.25 à 1.50
1235 2913 2124 3003 200 à 350
1256 3058 2151 3202 2.50 à 3.50
1235 3195 2172 3313 125 à 150 mois
1277 3340 2068 3485 3 à 5
1283 3574 2130 3781 2.50 à 5.00
1270 3801 2117 3898 3.00 à 4.00
1273 4019 2136 4167 3.50 à 4.00
1296 4420 2163 4583 3.50 à 4.00
1290 4845 2130 4981 3.50 à 4.00
1314 5106 2149 5249 3.00 à 5.50
298 1199 802 1340 Etoffes unies
366 1643 920 1780 Etoffes façonnées
254 1971 850 2106 Velours unis
356 2301 918 2450 Velours façonnés
250 2591 876 2718 Dévidage
290 2761 886 2896 Moulinage
288 2927 794 3062 Ourdissage
306 3121 672 3220 Lisseuses
294 3229 874 3324 Appreteur sur étoffes
276 3379 852 3518 Peigniers
314 3629 810 3762 Tullistes
318 3821 774 3944 Chales
330 4067 1106 4190 Ornements d'église
300 4463 964 4586 Teinturerie
334 4879 1126 5004 Imprimeurs sur étoffes
332 5125 1068 5246 Ateliers d'Oullins
644 1294 1490 1462 Préfecture du Rhône
634 1598 1470 1780 Commissariat Spécial
678 1948 1342 2120 Police politique
804 2650 1320 2814 Étoffes unies
898 3394 1436 3554 Étoffes façonnées
842 4062 1346 4218 Velours unis
928 4656 1430 4814 Velours façonnés
834 5126 1278 5292 Dévidage
1828 1680 3326 1817 Situation industrielle
2074 1890 3180 2037 au 15 septembre 1860
2456 2386 3414 2491 Depuis le commencement de la
2398 2502 3426 2613 saison cette partie a été généralement
2410 2610 3482 2725 abandonnée pour l'article dit armures, mais
2416 2715 3514 2850 les ouvriers qui l'ont conservée ont un travail
2414 2859 3302 2966 régulier. Les prix sont les mêmes.
2590 3087 3466 3200 Cette partie s'est bien maintenue
2438 3203 3466 3334 depuis le commencement de la saison. Le
2448 3322 3494 3457 prix de façon à même été augmenté pour
2448 3444 3514 3577 certains articles, seulement à la livraison de
2434 3573 3550 3708 la pièce les ouvriers sont obligés de chômer quelques
2448 3690 3434 3824 jours en attendant la remise d'une autre.
2592 3923 3572 4060 Il n'y a pas de variations depuis le dernier
2464 4051 3560 4182 trismestre, les métiers sont peux nombreux mais
2454 4160 3530 4295 ils sont tous occupés. Les pris sont les mêmes.
2622 4415 3540 4538 Cette partie qui ne peut être transportée
2458 4528 3564 4666 à la campagne comme les velours unis est dans de
2472 4644 3552 4784 très bonnes conditions jusqu'à ce jour. Il y a
2488 4762 3576 4901 des ouvriers qui gagnent jusqu'à 6 et 7f par
2496 4950 3348 5063 jour.
2620 5154 3546 5261 Le travail n'a pas manqué depuis le
2470 5292 3218 5389 commencement de la saison.
1577 2558 2108 2842 2 à 2.50
1614 3354 2090 3620 2.50 à 3
1614 4059 2090 4316 1.75 à 2
1623 4645 2081 4837 2.50 à 3
1632 5176 2108 5387 1.25 à 1.50
1604 502 1936 672 1.25
670 564 1270 752 Moulinage
1562 1021 1706 1180 200
638 1062 1190 1256 Ourdissage
1656 1283 1766 1442 2,50
632 1328 1112 1510 Tisseuses
624 1690 1640 1890 Peigniers pr la fabrique
626 2240 1090 2402 Châles
638 2646 1010 2798 Tullistes
1614 3430 1772 3582 3,50
624 3432 1128 3594 Teinturiers
676 4348 1798 4506 Imprimeurs sur etoffes 3,50
2568 480 3398 611 Cette partie est de très bonnes
2420 614 3470 759 conditions il y a même quelques atelier qui
2394 748 2918 859 manquant de bras.
2502 1014 3046 1113 marche trs bien
2026 1028 2306 1133 300 pan
2504 1300 3272 1371 Sont presque toutes occupées
2022 1298 2218 1399 3.50
2510 1555 3486 1666 Le travail s'est un peu ralenti. Les ateliers
2322 1689 3514 1792 de cette partie sont peu nombreux et les ouvriers
2062 1707 2182 1809 5
2370 1826 3012 1937 sont tous occupés.
2546 2097 3532 2195 Cette partie se maintient bien il y a pourtant
2430 2226 3496 2337 quelques négociants en petit nombre il est vrai qui
2046 2250 2226 2353 4,50
2410 2364 3530 2479 ont réduit le prix de quelques centimes par 1000 coups.
2508 2634 3570 2745 Pas de variation sensible depuis mois dernier
2458 2790 3202 2895 rapport.
2576 3046 3556 3157 Cette partie est en pleine activité quoique
2440 3188 3590 3296 on attendait un revernement du travail,
2402 3310 3478 3432 qui n'a pas eu lieu, pour la 1er quinzaine
2084 3442 3516 3567 de ce mois. Néanmois les ateliers sont
2438 3568 3586 3695 au grand complet et dans la moyenne partie
2428 3704 3590 3827 les ouvriers font des heures en plus au travail.
2420 3860 2776 3963 de la journée.
2578 4102 3566 4217 Le travail dans cette partie n'a pas
2482 4245 3562 4363 manqué jusqu'à un jour, mais il n'y a
2482 4369 3470 4485 pas eu de régularité comme les autres
2090 4390 2274 4493 4,50
2430 4507 3462 4622 années et n'est arrivé que par boutaves.
864 569 3402 763 La fabrique depuis 3 mois s'est maintenue dans d'assez bonnes conditions. A part
570 699 3410 905 quelques lenteurs apportés par les fabricants dans la remise des nouvelles pièces aux ouvriers le travail
558 834 3390 1039 a été à peu près régulier. L'arrivée de nouvelles soies du façon fait espérer que le travail maintiendra
570 974 3512 1171 encore pendant quelques temps et a qui le prouver c'est la grande quantité de soies qu'il y a encore
564 1198 1352 1305 chez les teinturiers et les mouliniers.
1828 1225 3490 1406 Les commandes manquantes en ce moment
1716 1359 3580 1526 qui n'occupent plus un aussi grand nombre d'ouvriers
618 1456 1510 1571 Buires 3 à 5.50
1696 1566 2240 1693 15 juin
1846 1798 3546 1936 Il n'y a pas eu de narration depuis
1698 1922 3520 2084 que les ouvriers occupés entre 190 à 200
622 1964 1456 2095 G° central 3 à 550
1880 2086 3586 2295 Le nombres des ouvriers occupés toujours un peu près les
1712 2240 3522 2447 mêmes. Il y a eu dans la Deauière quinzaine d'ouvrièrs aux
1712 2380 3286 2587 chomâge de 10 jours par l'inventaire.
1892 2558 3186 2739 Le travail à demi depuis un mois
1918 2672 3522 2877 chez  chevalier le autre des ouvriers de 60 à 100
1960 2856 3030 3011 M Cornue de 70 à 89
548 3008 1616 3133 Ma à Naveul 2,75 à 4,50
1992 3000 3046 3155 m Rozier de 75 à 76
2168 3150 3042 3301 Britin de 25 à 40
2124 3290 3036 3471 Merier de 14 à 20
1952 3554 3430 3741 Pas de variation depuis le 15 juin dernier
533 4003 820 4091 maçons
2018 4018 3456 4205 Tous les ouvriers de ces dernières professions
556 4137 868 4242 menuisiers
1942 4198 3126 4345 n'ont pas eu un jour de chomage
550 4280 934 4383 charpentier
580 4409 908 4513 ferrantier
1370 4448 1730 4583 3 à 4
590 4529 886 4639 Courreurs
592 4660 814 4775 Peintre
602 4774 1158 4899 Toilier
2222 596 3518 726 La faim d'été a été marquante
1514 726 3554 864 2.50 à 3.50
642 760 1336 947 tailleurs d'habets
1484 930 3386 1137 0,75 à 4
634 1028 1102 1207 mapetiers
1490 1166 3328 1355 2 à 2.25
674 1250 1140 1417 Courriers
1576 1472 2530 1659 conditions des jours
940 1716 3554 1933 du 25 uin au 18 gbre 1860  du 25 juin au 18 gbre 1859
2544 1948 2864 2101 8334
1104 1962 1780 2135 8834 balles
2652 2128 3228 2291 500
1444 2164 2242 2327 1860
2226 506 3072 627 Les ouvriers de cette parties
2070 619 3106 757 sont généralement occupés on remarque
2080 723 3194 859 un rendement de travail pour
2080 843 3258 971 les ouvriers travailleuse sur le métier circulaire
2248 945 3204 1073 ceux qui travaillent sur le métier à
2124 1052 3204 1186 bobine se trouve dans les mêmes conditions
2130 1203 2734 1309 de ce trimestre
2302 1295 3194 1421 quant à ceux qui travaille par
2144 1413 3176 1545 le métier
2150 1541 3126 1661 ne perçoit pas d'amélioration
2278 1789 3250 1921 Cette partie s'en relever depuis l'an dernier
2154 1917 3104 2047 tous les ouvriers sont occupés
2246 2043 3280 2169 Il y a beaucoup de commandes
2170 2179 2902 2297 pour l'achat de foulards
2344 2449 3238 2551 Les ateliers de teinturerie
2200 2563 3362 2691 de la fabrique
2104 2703 3354 2831 Dans les grands ateliers
2016 2835 3366 2987 de M. Gilet à la quarantaine
2024 2956 3398 3102 a été critiqué et son travail
2038 3094 2758 3222 de 5 j par semaine.
2354 3205 3352 3341 Il n'y a pas de commandes de cette
2126 3331 3418 3479 partie. Les principaux Chevalier,
2102 3459 3398 3601 Breton ont emmené le nombre d'ouvrier
2104 3593 3424 3729 mais ils ne font que faire 10h de travail
2094 3737 3374 3861 par journée
2370 4067 3306 4121 Cette partie  qui a emploi
2122 4169 3338 4273 au trimestre dernier a beaucoup ralenti depuis
2376 4289 3332 4397 Les commandes n'arrivent plus
2142 4439 2702 4529 d'après les dernières nouvelles.
314 1138 1246 1382 Atelier central
592 2122 1100 2304 Buise
574 2620 1114 2794 Oullins
2064 731 3192 868 Il y a dans cette partie 20 ouvrières de moins qu'au
1910 844 3218 996 dernier trimestre.
1932 1071 3242 1200 Elles ne travaillent
1934 1192 3262 1336 qu'au réparation du matériel
1946 1304 3350 1440 Le ralentissement du travail est attribué
1950 1423 3322 1558 les voies fermées qui
1962 1561 2926 1690 commença depuis quelques temps.
2082 1821 3374 1938 Cette crise qui n'occupait à demi temps
1940 1957 2910 2074 120 ou aujourd'hui 350
2060 2073 3318 2202 Il y a du travail pour quelque et l'an après
1948 2195 3386 2340 des commandes d'ici à la le travail continuait
2124 2461 3382 2588 Cette uni en meilleur condition qu'au
1966 2587 3390 2726 dernier trimestre aujourd'hui 1850 à 1900
1986 2727 3254 2848 ouvrier 250 à 275
1250 676 3142 869 Situation de l'industrie à Lyon
1658 820 2434 947 au 13 juin 1861
2450 1154 3518 1281 Cette parties qui était déjà en chomâge
2256 1282 3458 1415 au trimestre dernier a encore baissé depuis.
2454 1414 3544 1529 Le nombre de métier occupés qui n'était
2238 1540 3518 1683 que d'un tiers est aujourd'hui la moitié
1494 1624 2002 1717 1 25 à 5,75
526 1644 1178 1763 Etoffes unies
2480 1682 3562 1791 Les prix des façons a également diminué
2274 1814 3506 1937 et l'ouvrier qui gagnait de 2 f à 2,50
2284 1944 3350 2071 gagne aujourd'hui que 1,25 à 1,75
2474 2192 3598 2317 Le printemps qui amène d'habitude un
2288 2330 3560 2463 relancement de travail dans cette partie n'a
2304 2470 3420 2599 rien chargé cette année dans la situation.
646 2532 2080 2665 8 - façonnées - 75 à 2,50
2488 2614 3602 2727 Le travail va aussi mal qu'au dernier
2274 2758 3080 2879 trimistre sinon d'avantages.
2522 3038 3530 3143 Cette partie qui compte peu d'ouvriers,
2304 3170 3594 3295 les métiers étant tenu en partie par des maîtres
1508 3298 2090 3393 2,50 à 3 00
2312 3304 3634 3439 a baissé depuis le dernier trimestre, mais d'une
526 3348 1334 3461 Velours unis
2320 3458 3246 3563 manières peu terribles encore.
2536 3702 3580 3823 Cette partie qui était déjà en plein
2320 3826 3654 3957 chômage au trimestre dernier est aujourd'hui
2342 3980 3250 4091 dans les conditions encore pires.
2544 4110 3576 4219 Rien ne fait qu'elle puisse
574 4124 2124 4235 8° façonnés 2 50 à 3 00
2340 4240 3622 4359 se relever avant le mois de 7 bres (qui est le
2368 4392 3534 4489 commencement de la campagne d'hiver)
3042 4648 3404 4702 encore plus
2572 4700 3504 4750 cette partie va mal qu'au
568 4832 2098 4876 Ornements église 2 25 à 2 50
2358 4798 3580 4893 trimestre dernier et cela sans espoir d'une
2374 4954 2606 5039 reprise.
2796 489 3780 656 Cette partie qui l'était maintenant
2462 619 3736 770 dans de bonnes conditions jusqu'à la fin du
2476 752 3704 892 dernier trimestres a subi effectivement les
2470 878 3496 988 baisses à laquelles on attendais
1772 985 2288 1116 3.00 à 3.50
2772 1005 3728 1156 Elle se trouve pourtant encore dans
618 1033 1154 1154 Châles
2452 1141 3768 1297 des meilleurs conditions que les autres quoique
2456 1271 3756 1433 déjà certain fabricants ai fait subir une
2436 1410 3756 1564 diminution de 5 par milles coups de navette.
2704 1710 3768 1850 Il y a un plus grand nombre d'ouvrières
540 1831 1278 1950 Devidages
2432 1849 3720 1963 sans travail qu'au dernier trimestre. Celles
1752 1873 2268 1978 1  00 à 1. 25
2432 1987 3756 2116 qui sont encore occupés ne gagnent plus que
2414 2122 2738 2224 1 à 1,25
464 2365 1282 2484 Moulinages
1876 2379 2296 2490 1. 00 à 1.25
2564 2389 3792 2530 Dans les mêmes conditions que le devidage
2574 2683 3776 2812 Toujours dans les mêmes conditions qu'au
2394 2825 3744 2952 dernier trimestre exposé au chomage
2404 2961 3728 3082 ou la fabrique avec la difference que deux
460 3035 1280 3154 liseurs de dessins
1692 3069 2290 3194 2 50 à 3 00
2394 3103 3736 3228 journées des travail dans cette partie en valeur
2358 3239 3744 3370 10 de celles d'un tisseur. En ce moment il y
2414 3379 3760 3504 a des ouvriers qui sortent à 15 jours sans rien
2430 3520 2632 3626 faire
2536 3793 3608 3926 Dans les mêmes conditions que les
488 3815 1032 3936 Lisseuses
1678 3855 2284 3986 2 50 à 300
2372 3929 2960 4046 precedente partie
452 4127 3694 4356 Ourdisseuses 2 50 à 3 00 Dans les mêmes conditions que les 2 autres
2490 4481 3708 4612 Dans cette partie il n'y a que les maîtres
2346 4617 3720 4750 qui travaillent à peine 2 jours par semaine
496 4661 2292 4832 Plieurs d'étoffes 3. 00 à 3 50
2370 4747 3674 4872 Seulement connu ils gagnent beaucoup ils
2360 4879 3704 5005 peuvent vivre plus facilement que les autres
2320 5011 3534 5147 ouvriers au chômage.
402 992 1286 1178 Peigniers pr la fabrique
408 1792 876 1970 Tullistes
350 2630 1102 2802 Passementiers
366 3504 1236 3690 Imprimeurs d'étoffes
1390 936 1832 1114 2 25 à 2 75
1564 1732 1908 1910 1 75 à 2 75
1420 2570 1918 2766 1 75 à 2 50
1440 3436 1992 3614 2 75 à 3 50
2160 690 3010 810 Le travail s'est ralenti depuis les
1970 791 3114 935 dernier trimestres. Les commandes n'arrivent
1990 898 3038 1043 qu'à des jours d'intervalles et encore sont elles
1990 998 3142 1145 sans importance. On craint que dans quelque
2008 1122 2990 1261 temps cela n'ailles encore plus mal.
2170 1349 3166 1482 Cette partie est dans la même situation
1996 1492 2660 1620 qu'au dernier trimestre.
2184 1582 3086 1718 Les ouvriers travaillant sur les métiers
1934 1725 2778 1854 circulaires sont à l'ouvrage.
2224 1821 3190 1954 Ceux travaillant sur les métiers à bobine
2028 1947 3146 2091 en ont un peu moins et ceux des métiers
2028 2069 3126 2211 dit à 4 rangs presque pas.
2226 2275 3248 2418 Cette partie qui est peu importante à Lyon
2024 2413 3214 2566 ne fait presque rien en ce moment. Lorsqu
2032 2546 3214 2700 le travail manque les ouvriers gagnent jusqu'à
2052 2649 3274 2838 5 f par journée aujourd'hui la place forte arrive
2044 2829 2542 2958 à peine à 2 50.
2260 3045 3270 3194 Cette partie qui l'était relevée un peu
2084 3181 3178 3342 vers la fin du dernier trimestre eut tourné
2100 3321 3230 3466 aujourd'hui peu forte et rien ne fait
2106 3443 3312 3618 prevoir une amelioration d'ici à quelque temps
2274 3561 3310 3718 Il y a des ateliers qui veulent en semaine
2128 3741 2682 3856 entrer au travail
2312 3945 3322 4086 Les ateliers de teintureries, ceux qui font
2132 4073 3370 4212 les couleurs variées depuis quelques une
2154 4207 3382 4354 certaine autorisé, il n'y a que ceux font les
2146 4323 3390 4484 noirs qui fonctionnent . Voici les différences : ateliers
2184 4451 3416 4608 faisant couleur variée chez M. Renand 150 ouvrier
2170 4571 3374 4738 pour 0 journée de repos dans la semaine
2182 4703 3398 4859 Chez M Guniou la dernière
2198 4811 3346 4977 quinzaine qui 130 aujourd'hui 160
2210 5003 2498 5089 jour repos.
2414 616 3472 722 Chez M Bouchane depuis 25 jours
2358 747 2644 801 20 ouvriers
2264 844 3580 998 aujourd'hui 120 pas de repos ; quelque un font
2288 1000 2768 1114 des heures en plus
2516 1114 3120 1226 Métiers les moins
2440 1220 3478 1362 M Gibert 20 ouvriers en moins
2288 1360 3550 1506 ne sont aujourd'hui que 140 2 jour de repos par
2278 1530 2582 1638 semaine.
2470 1604 3638 1756 Chez M Bevon 100 ouvriers toujours même
2300 1754 3344 1910 non que 3 jours de repos par semaine
2506 1888 3494 2024 Chez M Miedel l'ouvrage premier
2334 2004 3626 2178 maintenu jusqu'à ce jour mais il n'attends
2326 2172 3282 2314 à tout moment à une crise.
2032 677 3082 791 Cette partie s'était relevé un peu depuis le
1890 796 2962 907 dernier trimestre et eut retombé à nouveau
398 899 3133 1095 Imprimeur d'étoffes 2 50 à 3 50
2012 1023 2928 1131 c'est le moment du chomage.
2052 1117 3192 1235 Les grands ateliers occupent pourtant les mêmes
1902 1271 2362 1368 nombre d'ouvriers.
2066 1472 3162 1586 Cette partie va aujourd'hui plus mal qu'elle n'a
1912 1588 3136 1718 été depuis le commencement de l'année dans tous les
1922 1700 3234 1838 grands ateliers. Le nombre d'ouvriers a diminué, une
1940 1793 3188 1949 certaine quantité remise à tour de rôle, au comité
1936 1989 2798 2057 un ou deux jours par semaine.
2086 2057 3278 2186 Nombre d'ouvriers en moins qu'au dernier trimestre
1332 2111 1782 2212 2 00 à 300
408 2158 930 2264 Teinturiers
1920 2207 2598 2312 dans les ateliers ci-après :
2708 2334 2768 2419 30
2082 2333 2522 2424 Chez M Renard
2692 2443 2800 2536 46
2332 2453 2524 2542 Guinon
2726 2567 2786 2656 20
2322 2583 2504 2674 Gillene
2724 2706 2808 2800 30
2324 2713 2518 2808 Michel
2086 2807 3300 2942 Dans les ateliers
1934 2965 2562 3070 ils se reprennent d'avantage.
668 3183 3106 3354 La fabrique et tout ce qui  s'y rattache se trouve aujourd'hui dans les jours mauvaises
394 3307 3314 3488 conditions enfin les affaires communiquées n'ont pas une solution pour reconstruire la situation de l'an dernier
396 3525 590 3628 prive
1994 3821 3290 3960 Le travail s'est maintenu
2000 3937 3350 4084 ce jour dans de bonnes conditions. Le nombre
1252 3975 1642 4074 3 à 4
496 4009 886 4112 Oullins
2012 4083 2946 4214 d'ouvrier est varié de 18 à 2000
2146 4317 3358 4474 Occupe aujourd'hui 550 ouvriers c'est à dire
2020 4447 3386 4604 100 de plus qu'au dernier trimestre et près de 200
1250 4493 1670 4588 3 à 4
490 4535 940 4634 Buire
2022 4621 2834 4732 plus qu'au 1er trimestre.
2146 4837 3346 4976 Dans les mêmes conditions qu'au dernier trimestre.
546 4859 1670 4998 G° central 3 à 4
438 889 1702 1143 Moulinier à Juope 3-4
374 1485 1914 1753 Ouvrier à Brauze 2-75 à 350
544 2027 902 2155 Macons
534 2165 958 2284 Charpentiers
534 2293 906 2408 menuisiers
1430 2359 1790 2465 3 à 4
526 2427 1092 2541 Tiseurs de longe
528 2555 890 2681 Serrurier
546 2691 958 2813 Ferblantiers
576 2818 1180 2951 Tailleur de pierre
592 2956 930 3075 sculptueur
582 3089 1170 3217 peigniers
1434 3338 1806 3426 25 à 35
594 3365 990 3481 Chapeliers
1466 3599 1846 3717 2 25 à 3
612 3629 1060 3731 Cordonnier
1492 3823 1966 3953 2 50 à 3 50
610 3885 1352 3999 Tailleur d'habit
2140 633 3362 782 Le travail s'est maintenu en partie
2182 870 3298 1010 Les ateliers de conçu
2046 991 3474 1143 occupent même un plus grand nombre d'ouvrière qu'au
2036 1155 2590 1277 trimestre dernier.
2186 1358 3434 1523 Cette partie a repris depuis le dernier trimestre
2056 1490 3498 1659 Il en annule plusieurs commandes
2054 1668 2636 1787 faute pour le faire.
2070 2130 3536 2295 Toutes les corpérations d'ouvriers qui se rattachent
2078 2258 3422 2433 au batiment n'ont pas eu une mesure
2108 2462 2428 2567 de chomâge.
2262 3238 3402 3385 N'ont pas eu un moment de mumure.
2246 3556 2782 3661 Sont tous occupés
2278 3760 3654 3941 Quelque peu au chomage depuis le dernier
2214 3914 3526 4089 trimestre, mais déjà le travail reprend
1064 669 3082 875 Situation de l'industrie à Lyon
1536 829 2438 983 au 13 Décembre 1861
2090 1185 3494 1327 Cette partie qui était depuis fort longtemps
1854 1319 3354 1485 dans un état presque complet de chômage à
1894 1445 3462 1611 repris depuis un mois environ une légère activité
1890 1587 3394 1743 qui paraîtrait même s'être augmentée depuis.
448 1689 1294 1851 Étoffes unies
2102 1723 3414 1859 Cette reprise n'a pas fait augmenter le
1882 1851 3594 2005 prix de façons qui est toujours le même, c'est à dire
1874 2027 2226 2149 très réduit.
2186 2267 3442 2391 La situation de cette partie ne s'est pas
1890 2407 3062 2549 améliorée depuis le dernier trimestre.
2166 2537 3642 2681 On espère une reprise d'ici à quelques temps, mais
994 2631 1454 2759 Étoffes façonnées
1886 2677 3638 2847 quant à présent elle est dans un état de chômage
1870 2867 2520 2977 presque complet.
2182 3095 3624 3251 Le travail qui s'était ralenti vers la fin du
1932 3235 3598 3395 dernier trimestre a repris un peu d'activité et cette
1914 3393 3536 3541 partie se trouve aujourd'hui dans d'assez bonnes
482 3475 1226 3593 Velours unis
1926 3543 3538 3687 conditions. Néanmoins le prix des façons n'a pas
1944 3724 2320 3835 augmenté.
2218 3925 3690 4085 Dans d'aussi mauvaises conditions qu'au trimestre
1946 4085 3660 4237 dernier. On espère une reprise d'ici à quelques jours
678 4247 1410 4359 Velours façonnés
1968 4223 3660 4391 mais pour le moment il ne se fait dans cette partie
1956 4413 2668 4543 que des échantillons.
2218 4673 3696 4795 Il n'y a pas de commandes. Le peu des métiers
1962 4817 3682 4933 qui sont en partie occupés mais ne travaillent
528 4867 1552 4967 Ornements d'Église
1970 4969 3074 5075 que pour amortir le magasin.
370 1004 1100 1182 Police politique
378 1820 884 1990 Étoffes unies
416 2390 938 2572 Étoffes façonnées
400 2992 942 3184 Velours unis
430 3596 1106 3780 Velours façonnés
476 4246 1140 4430 Ornements d'Église
502 4724 842 4890 Chales
1584 664 3326 943 Situation de l'industrie à Lyon
2222 852 2734 1007 Mars 1862
2126 1622 3602 1846 Cette partie ets aujourd'hui en pleine activité. Le prix
1988 1774 3502 2006 des façons qui avait subi une grande interruption se relève et
2024 1928 3660 2156 jusqu'à présent il y a eu une amélioration de 25c par journée qui
2038 2112 3130 2292 cela continue sera de 50c dans peu de temps.
2160 2234 3536 2437 Il y a dans cette partie une reprise mais pas aussi
2048 2383 3580 2597 caractérisée comme dans celle des unis. D'un autre côté les
2052 2522 3694 2757 prix n'ont pas varié et sont au même taux que pendant
2040 2776 2446 2911 le chomage.
2190 2858 3634 3051 Le travail qui avait commencé à reprendre au
2048 2988 3766 3217 commencement du trimestre a continué otujours en augmentant
2048 3183 3340 3377 et tous les métiers sont occupés.
2208 3313 3798 3527 Le prix de façons est toujours le même depuis fort longtemps
2238 3469 3682 3687 Le travail n'est pas encore bien donné dans cette
2358 3651 3794 3845 partie. Il y a eu un mouvement depuis le dernier trimestre
2100 3817 3670 4031 mais peu pénible. Cet état rationnaire tient à une question de
2318 4027 2982 4179 mode qui n'est pas encore définie.
2278 4169 3790 4355 Cette partie est toujours dans une situation stationnaire
2152 4364 3134 4517 la même qu'au dernier trimestre.
2316 4506 3344 4665 Les prix des façons n'a pas varié
2298 4647 3834 4841 Cette partie s'est maintenue dans de bonnes conditions
2158 4827 3790 4997 depuis le dernier trismestre. Tout fait supposer que le
2190 5031 2906 5157 travail se maintient.
1364 1750 1842 1910 1.75 à 2.25
1423 2368 1872 2577 2.25 à 2.75
1413 2925 1901 3144 1.50 à 2.00
1503 3602 1941 3782 2.25 à 3.00
1473 4190 2011 4429 2.50 à 2.75
1513 4698 2021 4897 2.75 à 3.50
628 548 1993 618 Chapelier 410 à 350
538 790 902 950 Cerdau
526 976 1178 1180 Amberieu
1704 780 1906 840 2 75
1252 780 1404 844 2
1300 1000 2018 1076 250 a 450
1247 500 1598 580 1862
450 2230 1034 2406 Etoffes unies
656 2998 1090 3182 Faconnées
430 3426 1062 3594 Velours unis
660 3942 1136 4116 Façonnés
472 4372 1310 4566 Ornements d'église
3302 539 3430 663 15
2196 1925 3632 2051 Le travail continue de se maintenir dans cette parties
2122 2075 3638 2203 mais n'a rien changé dans les salaires qui ont toujours fort
2114 2205 3570 2333 minimes. La vente de ces articles a été bonne. Il y a
2112 2337 3580 2471 peu de marchandises en rayon en tout fait
2134 2462 3666 2611 qu'il y aura du travail assez continu pour tout l'hiver prochain
2238 2728 3658 2858 Cette partie n'eut pas sans d'aussi bonnes conditions que la
2136 2848 3634 3000 précédente. Le chale soie a bien fourni et les autres articles
2150 3005 3430 3129 se haute nouveauté sont toujours en Jounthance
2258 3243 3710 3393 On vient de montrer dans cette partie de métier pour velours
2156 3377 3726 3541 grande largeur dont la fabrication ne se ralentit pas. Par
2150 3523 3746 3679 controler métiers pour petite largeur ont eu un peu de joutrance
2244 3820 3758 3951 La situation ne s'est pas amélioré
2146 3974 2864 4095 depuis le dernier trimestre.
2278 4209 3772 4359 Cette partie depuis la fête-Rieux est retombée dans mi-mars
2138 4367 3678 4511 primitif. Il n'y a pas de commandes d'articles
2170 4513 3690 4643 articles inférieurs ne donnent pas beaucoup de prime.
398 1367 734 1497 Chales
412 1771 942 1903 Devideuses
300 2451 916 2561 moulinages
354 2943 1074 3089 tisseuses
446 3403 860 3503 lisseuses
346 3939 984 4039 Ourdisseuses
362 4409 1038 4517 plieur d'etoffes
2268 1103 3526 1234 Cette partie se maintient dans des conditions
2190 1253 3404 1390 passables. Il y a peu de métiers occupés.
2292 1521 3610 1649 La situation de cette partie sont la même qu'au
2170 1661 3642 1800 dernier trimestres ni bonne ni mauvaise
2180 1797 3498 1932 Il y a des atlernatives de presse et de chômage.
2272 1939 3212 2086 Il y a peu d'ouvrieres occupées.
2306 2222 3694 2348 Situations bonnes. Le travail s'est toujours biens
2166 2362 3690 2496 maintenu pendant la durée du trimestre dernier
2194 2506 3254 2636 paraît ne pas vouloir se ralentir.
2318 2776 3566 2902 Meme situation qu'au dernier trimestre
2214 2916 3546 3051 Aune momentanée toujours de quelque
2242 3074 2840 3197 pour de chomâge.
2314 3335 3754 3464 On travaillé assez pendant toute
2182 3501 3698 3628 durée du trimestre. Continue à travailler
2240 3661 3062 3770 sans beaucoup de variation.
2326 3937 3238 4054 Dans les mêmes conditions.
2324 4203 3744 4344 Le travail a été a peu près personne
2218 4378 3732 4489 toute la durée du trimestre et se maintent encore
2358 4522 3700 4625 On peut dire que la formation de cette partie
2172 4655 3394 4773 dans ces conditions assez favorables.
800 667 1584 779 3e trimestre 1862
1152 925 1384 1022 1.75 à 2.15
420 925 986 1033 Étoffes unies
1260 1700 1420 1779 2.25 à 2.75
422 1691 994 1793 Étoffes façonnées
1174 2315 1434 2421 1.50 à 2.00
422 2327 1018 2437 Velours unis
1212 3237 1454 3333 2.25 à 2.75
410 3243 1070 3349 Velours façonnés
1194 3781 1478 3877 2.50 à 3.75
438 3789 1092 3903 Ornements d'Églises
1218 4338 1490 4441 2.75 à 3.00
444 4347 866 4449 Châles
1824 609 2498 754 15 décembre 1862
1666 810 3598 982 Depuis 15 jours ou 3 semaines environ le travail s'est un peu
1554 947 3598 1117 raleni ; l'on dit même que dans quelques ateliers l'ouvrier subit une
1542 1103 2582 1241 diminution de 10c par journée.
1686 1197 3510 1360 Ce ralentissement ne parait cependant avoir rien de sérieux
1570 1323 3554 1493 attendu que les demandes d'ouvriers sont toujours fort nombreuses.
1696 1575 3626 1752 Cette partie a bien marché jusqu'à ce jour. On remarque
1718 1713 3630 1871 bien depuis peu de temps une légère baisse, mais il n'y a pas lieu
1572 1846 3582 2014 de s'en préoccuper attendu qu'elle a lieu tous les ans à peu près
1570 2018 2314 2136 à la même époque.
1718 2231 3678 2390 Le travail qui ne s'était pas ralenti depuis presque le commencement
1570 2367 3654 2540 de l'année, subit depuis peu de temps une légère baisse due au
1590 2509 3710 2672 grand nombre de pièces de cet article qui sont encore en magasin.
1586 2635 3682 2796 Si les ventes qui ont lieu dans les derniers jours de Septembre et dans le
1596 2761 3614 2922 courant d'octobre sont bonnes il est probable que le traavail
1590 2923 2800 3066 reprendra comme précédemment.
1744 3157 3670 3314 Cette partie marche assez mal depuis quelques temps et se
1588 3287 3654 3452 trouve toujours dans la même situation. On fonde de grandes
1602 3419 3764 3602 espérances sur la nouvelle campagne qui va s'ouvrir prochainement.
1748 3707 3742 3864 Cette partie qui chômait presque depuis fort longtemps, tend
1622 3849 3738 4010 aujourd'hui à se relever. Depuis un mois environ il n'y a pas
1640 4037 2606 4154 d'interruption de travail.
1718 4267 3718 4422 Depuis un mois 1/2 environ le travail s'est beaucoup
1662 4415 3590 4566 ralenti et une grande partie des métiers est coupée.
1770 4563 3756 4710 Cette baisse dans le travail se fait bien sentir à peu près
1824 4715 3592 4856 tous les ans mais pas d'une manière aussi sensible.
522 678 1054 856 Tailleur d'habits
500 938 894 1114 Chapeliers
506 1194 894 1364 Cordonniers
490 1436 1154 1618 Ouvriers en bâtiment
1266 705 1510 806 2.50 à 3.00
1229 952 1527 1031 2.50 à 3.50
1240 1220 1518 1311 2.00 à 2.75
1248 1473 1522 1568 2.50 à 4.50
1774 648 3500 783 Commencent déjà à travailler pour la saison d'hiver
1750 900 3130 1037 Font peu de choses en ce moment.
1772 1158 2824 1299 Sont presque tous occupés
1780 1432 3670 1555 N'ont pas eu depuis longtemps un seul moment de
1758 1580 2102 1697 chômage
350 2756 958 2938 Étoffes unies
604 3634 960 3797 Étoffes façonnées
418 4284 994 4456 Velours unis
1390 1099 2366 1225 13 Décembre 1862
2306 2390 3360 2503 Cette partie qui comprend les satins
2208 2524 3368 2632 les gros de Naples, les armures et articles
2220 2629 3386 2743 pour parapluies et ombrelles est à peu près
1399 2717 2045 2971 1.25 à 1.75
2224 2750 3294 2868 la seule qui ait un travail bien suivi.
2332 2858 3424 2980 Les ouvriers sont surs d'y trouver des métiers
2236 2988 3298 3117 à prendre mais  les prix de façons sont
2240 3114 3126 3233 malheureusement fort médiocres.
2348 3346 3464 3489 Cette partie qui déjà vers la fin du dernier
2236 3484 3486 3621 trimestre commençait à se ralentir a tenu
1399 3576 2135 3789 2.00 à 2.50
2256 3624 3456 3751 jusqu'à ce jour tant bien que mal et ne s'est
2242 3780 2774 3883 pas encore relevée.
2368 4026 3318 4145 Cette partie est dans la même
2268 4136 3478 4281 situation qu'au dernier trimestre. Les ventes
2260 4278 3392 4407 n'ont pas été favorables, les magasins sont
1448 4279 2144 4443 1.20 à 2.00
2278 4410 3472 4543 encombrés des pièces et par suite le travail reste
2288 4544 3410 4673 stationnaire. Heureusement, que les métiers
2294 4680 3322 4795 sont presques tous tenus par des maîtres.
450 822 1052 1012 Moulinage
472 1328 1064 1506 liseurs de dessins
508 1736 842 1898 lisseuses
484 1998 942 2170 ourdisseuses
452 2274 1046 2454 plieuses d'étoffe
484 2704 924 2866 Peigniers
510 3302 1006 3468 Passementiers
500 3764 794 3920 Tulles
520 4340 1118 4506 Imprimeur d'etoffe
1876 578 3494 731 Le travail n'a pas cessé un instant pendant toute la
1738 708 3510 880 durée du trimestre et a été même un peu plus abondante
1736 850 2890 1014 que pendant les trimestres précédents.
1864 1100 3508 1255 La reprise du travail qui a eu lieu dans le façonné
1762 1247 3574 1398 a donné un peu d'activité pour cette partie qui a assez
1774 1393 2904 1528 travaillé pendant tout le trimestre.
1894 1644 3606 1797 Dans de bonnes conditions, meilleurs même qu'au dernier trimestre
1894 1930 3578 2073 Dans les mêmes conditions que les précédentes parties.
1934 2216 3654 2359 Conditions completement identifiques à celle du des deux parties précedents
1930 2520 3574 2653 Cette partie qui au dernier trimestre ne travaillent que
1802 2668 3562 2821 par secousses à un travail régulier pendant tout ce
1818 2828 3286 2959 trimestre. Le travail se maintient encore.
1958 3114 3558 3269 A l'exception de l'article dit : cheville il y a moins
1832 3266 3562 3417 travail couturier pour tous les autres pendant le
1854 3408 3682 3565 trimestre. Dans certain moment les ouvriers ont manqué.
1956 3732 3730 3861 La situation est la même qu'au trimestre précédent
1838 3916 2518 4023 c'est à dire bonne.
2006 4178 3670 4319 Cette partie a baissé depuis le milieu du trimestre
2006 4342 3666 4475 à Lyon qu'à Forrain à Pierre Remite et Neuville.
1974 4486 3372 4621 C'est typique de la mort saison.
412 1008 682 1113 Maçons
448 1134 692 1231 couvreurs
426 1247 760 1353 charpentiers
414 1372 718 1479 menuisiers
422 1498 714 1611 serruriers
440 1616 708 1729 fiblantier
448 1752 862 1861 peintre
452 1865 1022 1976 tailleur de pierres
426 2130 990 2245 tailleurs d'habits
472 2416 808 2529 chapeliers
458 2698 896 2803 cordonniers
1818 1240 3318 1374 Tous les ouvriers de cette partie sont occupés
1830 1382 2670 1504 Le salaire est satisfaisant
1868 2012 3468 2164 Ont prouvé une mauvaise décision le travail manque déjà
1870 2314 3110 2452 Ont bien travaillé et travaillent encore
1898 2608 2514 2742 Sont tous occupés
252 738 1076 868 Préfecture du Rhône
240 880 964 1002 Commissariat Spécial
150 1156 926 1266 Police Politique
218 1730 798 1834 Industries
126 2398 642 2506 Etoffes unies
240 3404 798 3510 _i°_ façonnées
182 4274 678 4388 Velours unis
228 4994 710 5106 _i°_ façonnés
1463 848 3531 1010 Situation de l'industrie à Lyon
1866 1102 3058 1130 au 25 Juin 1865
1162 1562 1442 1674 Moyenne
1890 1638 2810 1770 Observations
1116 1702 1492 1818 du salaire
1870 1884 3546 2062 Cette partie, qui comprend les satins, les taffetas, les gros de
1712 2028 3614 2224 Naples et articles pour parapluies et ombrelles, est encore une de
1716 2176 3626 2372 celles qui fournit le plus de travail. Quoique sa situation laisse
1100 2346 1472 2472 1,50 à 2,75
1710 2330 3670 2532 beaucoup à désirer, tant sous le rapport du prix des façons que de
1710 2484 3694 2684 l'abondance de l'ouvrage, c'est encore celle qui est la mieux partagée.
1716 2640 3638 2840 Elles est dans de bien meilleures conditions qu'au trimestre dernier.
1872 2944 3734 3140 Les articles façonnés sont en souffrance depuis bien longtemps et
1746 3094 3754 3308 ne tendent pas à se relever, l'on craint même une légère morte pour la
1094 3252 3758 3490 1,75 à 3,00 } fin août lorsque tout ce qui est sur les métiers sera terminé. Le prix
1738 3412 3764 3628 des façons laisse à désirer; quelques ouvriers gagnent jusqu'à 4,50
1766 3574 3774 3792 par journée; mais ils sont si rares que l'on n'en parle même pas.
1912 3886 3794 4098 On ne compte plus à Lyon qu'un très petit nombre de métiers
1802 4052 3846 4262 pour velours, la majeure partie étant depuis longtemps transportée
1780 4204 3840 4420 dans les campagnes : C'est un article qui se soutient depuis quel¬
1143 4228 1620 4349 1,75 à 3,00
1792 4422 3034 4588 ¬que temps ; sa situation est bonne.
1946 4690 3874 4902 Une petite recrudescence de travail a eu lieu dans cette partie
1168 4913 3974 5022 2,00 à 3,50 } pour la confection d'articles pour robes et gilets ; mais ces articles ter¬
1776 5030 3922 5240 ¬minés, et ils sont presque à leur fin, on s'attend à un petit chômage.
3174 689 3298 800 20
1162 1118 2690 1274 Situation individuelle
1962 1252 2426 1358 gb 1865
1362 1288 1792 1404 au 15
910 1603 3198 1812 Soirie d'industries qui s'y rattachent
868 2130 3558 2344 Etoffes unies_taffetas satins, gros de Naple SS
1244 2284 3562 2462 Quoique cette partie soit encore une de celles qui offrent
840 2417 3536 2618 le plus de ressources pour le travail, sa situation est toujours
860 2565 3594 2756 languissante et inférieure même à ce qu'elle était au dernier
834 2788 1300 2904 trimestre.
1192 2844 3506 3032 Le salaire de l'ouvrier varie entre 2 et 3, suivant
840 2991 3580 3186 l'article qu'il confectionne : celui de l'ouvrier qui a son métier
842 3137 3622 3336 entre 3 et 4°50. Le dernier chiffre est tout à fait exceptionnel
834 3337 2230 3480 et peu d'ouvriers l'atteignent.
1204 3433 3538 3616 En résumé, quoiqu'il y ait un tiers de métiers en
858 3583 3554 3766 chômage, c'est néanmoins, la seule partie qui alimente le
802 3795 1756 3918 plus la fabrique.
990 4033 3288 4196 Etoffes façonnées _ Haute nouveauté,
862 4155 3516 4340 Mantelets brochés, Gilets, Châles soie S°S
1362 4307 3606 4472 Cette partie est depuis plusieurs années dans un
858 4463 3478 4628 état de stagnation dont elle n'a pue sortie encore, le
846 4605 3690 4776 travail est maintenu tant bien que mal jusques vers le milieu
866 4751 3662 4922 du mois d'Août dernier, et l'on remarque depuis lors un grand
870 4897 3678 5064 nombre de métiers innocupés que l'on peut aisément fixer à la
866 5097 1954 5214 moitié de ceux existant.
1140 340 2684 537 Le salaire varie entre 3 et 5/mois à dernier chiffre
946 442 2794 637 n'est applicable qu'à un nombre d'ouvriers excessivement restreint.
1190 534 2766 709 Velours unis _ la confection de ces articles a été
930 626 2708 810 depuis longtemps transportée à la campagne, et il ne reste plus à
920 722 2756 906 Lyon qu'un très petit nombre de métiers, presque tous ocupés par
920 921 1192 998 les maîtres.
1204 913 2708 1073 Le travail s'est maintenu pendant toute la durée
906 1013 2762 1181 du trimestre; mais on craint que le chômage, qui a lieu habitu¬
886 1111 2728 1272 ¬ellement dans les premiers jours de Novembre n'arrive un peu
862 1270 1444 1369 plus tôt cette année.
1134 1314 2746 1451 L'ouvrier partage avec le maître le prix de la façon à
846 1414 2726 1562 raison de tant le mètre et la journée la plus lésée n'arrive pas
844 1566 1342 1664 audelà de 2'25.
1031 1625 2723 1705 Velours façonnés _ Cette partie parait devoir
834 1731 2746 1854 entrer dans la période du chômage à laquelle on s'attendait
822 1839 2350 1956 du reste est eu d'une manière tout-à-fait médiocre.
1040 1946 2668 2052 La vogue des vêtements de velours avait disparu ; cette
806 2053 2644 2158 année, quelques nouveautés ont été fabriquées pour en faire
794 2163 2666 2262 reprendre l'usage, et, si heureusement, elles étaient goutées, elles
762 2273 2706 2368 parviendraient peut-être à faire sortir cette partie de l'état de
800 2387 1762 2470 marasme dans lequel elle végête.
1004 2499 2728 2580 L'ouvrier gagne 2'25 à 2'75 est même 3' par journée
776 2601 2304 2680 c'est-à-dire la moitié de ce que rapporte le métier.
960 2707 2692 2792 Ornements d'églises _ La situation de cette
730 2803 2764 2908 partie est plus mauvaise qu'elle ne l'était au dernier trimestre.
788 2905 2776 3038 Les vêtements de la Fête Dieu lui avaient procuré une petite
740 3015 2632 3126 recrudescence de travail qui, depuis lors, a toujours été en se
734 3123 2626 3240 ralentissant. Chaque année à pareille époque a bien un
732 3225 2674 3348 chômage et ce n'est que dans 2 mois d'ici que l'on pourra
718 3333 2630 3460 compter sur un travail suivi à moins que des circonstances
710 3443 2348 3574 exceptionnelles ne maintiennent le calme actuel.
3444 322 5246 428 Il y a dans cette partie autant d'hommes que de femmes
3278 426 5278 536 qui sont généralement bien rétribués. Quelques ouvriers, hommes ou
3262 523 5270 626 femmes, gagnent jusqu'à 6' par journée ; c'est, il faut le dire,
3270 641 3916 718 le plus petit nombre.
3502 714 5090 828 Châles au 1/4 _ Laine Fantaisie
3518 810 5318 907 La situation de cet article, qui était en souffrance au
3296 904 5238 1005 trimestre dernier, s'est un peu améliorée depuis 3 semaines
3288 1004 5314 1103 environ. On ne peut pas dire, néanmoins, que sa situation soit
3304 1102 5264 1195 bonne, attendre que c'est le moment le plus fort du travail
3286 1207 4826 1298 et qu'il ne va pas aussi bien qu'on l'espérait.
3370 1308 5104 1408 La moyenne de la journée varie entre 2' et 3'25.
3348 1408 5346 1500 L'ouvrier est payé par 1000 fils à raison de 45,50 et jusqu'à
3292 1513 5374 1609 60'; ce dernier chiffre ne s'applique qu'aux châles riches. Les
3294 1617 5238 1713 dépenses occasionnées par le prix de la journée du lanceur,
3282 1719 5358 1821 l'huile et le racommodage des châles sont rapportés, moitié
3294 1833 4500 1925 par le patron, moiti par l'ouvrier.
3661 1905 5406 2008 Devidage    Depuis trois semaines ou un
3294 2039 5398 2137 mois le travail va toujours en diminuant et occupe à peine un
3288 2149 5416 2245 tiers des ouvriers de cette partie fort nombreuses à Lyon. Malgré
3302 2261 5426 2357 ce chômage leur situation est toute fois moins mauvaise que celle
3296 2369 5402 2469 des ouvrières employées dans d'autres industries, à cause des
3298 2485 5450 2577 engagements à l'année qu'elle contractent avec les maîtresses
3296 2607 3666 2689 dévideuses.
3614 2695 5374 2789 Les ouvrières à l'année sont payées à raison de
3296 2805 5388 2901 120 à 130 avec le logement et la nourriture. Il y a aussi
3296 2915 5378 3013 des ouvrières à la journée au prix de 18'29 et 1'50. Les
3302 3033 5478 3121 ouvrières de cette catégorie sont actuellement presque toutes sans
3262 3157 3528 3237 travail.
3561 3207 5515 3337 Ourdissage _  Quoique suivant le mouvement de
3264 3369 5508 3455 la partie précedente, il n'y a qu'un tiers d'ouvrières inocupées,
3270 3487 5486 3573 parce que le nombre en est beaucoup moins grand. Quant
1098 309 2882 562 à la situation du travail elles est dans les mêmes situations que dans le
1086 405 2766 660 devidage ; il est peu suivi et n'arrive que par minimes portions.
1236 498 2854 740 Il y a également dans cette partie les ouvrières à l'année aux
1082 597 2832 840 prix de 110 à 200f. Celles a la journée gagnent 150 175 à 270.
1226 797 2836 913 Moulinages _ Dans des conditions completement
1062 891 2918 1103 identiques aux deux précédentes parties. La cherté des soies est dit-on,
1029 1011 2464 1157 les principales cause de ces manque de travail.
1262 1081 2800 1278 La moitié des ouvrières est inoccupée et l'autre moitié
1182 1179 2754 1372 travaille a souvent par semaine un ou deux jours de repos.
1064 1305 1138 1402 qui
1210 1281 2886 1467 Les ouvrières sont payées à la semaine à raison de 8,9 et
1024 1499 1152 1586 10 f.
1222 1590 2896 1747 Lissage _ Au dernier trimestre toutes les ouvrières
1002 1700 2770 1863 de cette partie étaient occupées et leur travail était régulier.
1018 1811 2890 1968 Depuis trois semaines environ il n'y a de l'ouvrage que pour une
986 1923 2862 2067 petite moitié, et encore y a-t-il par semaine quelques jours de
1004 2083 1306 2167 chômage.
1128 2220 2628 2338 Cordage _ Dans les mêmes conditions.
1134 2365 2934 2471 Les ouvrières de cette partie gagnent d'assez bonnes journées 30
962 2474 2830 2573 toute, en outre, nourrues chez les patrons. Celles qui ont un peu
968 2586 2846 2677 d'économie supportent fortement les chômages assez fréquents qui
1120 2695 2204 2780 lieu dans cette partie de la fabrique.
960 2701 1068 2784 ont
1078 2904 2716 2992 Liseurs de desins ou hiqueurs de cartons.
1108 3003 2900 3098 Comme depuis longtemps, les articles haute nouveauté et
930 3115 2848 3216 façonés riches sont dans un état de souffrance, les liseurs
948 3213 2508 3324 remonte le coutse-coup de cette facheuse inaction.
1090 3323 2936 3438 Depuis plusieurs années ils n'ont qu'un travail peu lucratif et
910 3419 1088 3512 rare.
3498 303 5374 437 Les ouvrières de cette partie, peu nombreuses du reste, sont payées
3438 409 5116 541 l'année à raison de 900, 1000, 1100 et même 1200.
3313 478 3404 532 à
4786 596 5394 691 Il n'y a presque pas
3478 625 4734 721 Pliages des étoffes de soie _
3342 690 5414 817 d'ouvrières dans cette partie et les patrons n'occupent habituellement
3354 819 4726 916 qu'un mainoeuvre pour tourner la roue.
3558 887 5442 1002 Le travail y est subordonné aux autres parties de la fabrique
3350 988 5478 1107 et, comme il y a stagnation et dans la vente et dans la fabrication
3352 1106 4918 1207 il subit en ce momeny un grand ralentissement.
4878 1284 5450 1375 Cette partie va mal
3532 1303 4834 1404 Peigniers pour la fabrique _
3358 1397 5390 1502 et il n'y a du travail que pour un petit nombre d'ouvriers. Le
3390 1497 5418 1608 chômage a commencé à se faire sentir dans les premiers jours du
3378 1604 5510 1714 mois d'août, il continue et ne parrait pas vouloir cesser encore.
3590 1706 5506 1810 Lorsque le travail marche bien quelques bons ouvriers gagnent
3384 1815 5374 1924 jusqu'à 6f par journée - La moyenne est de 2 à 3f.
4554 2023 5514 2108 Dans le courant du trimestre
3606 2043 4536 2134 Teintures des soies _
3386 2129 5566 2240 dernier les ouvriers ont été assez activement occupés ;  mais vers le milieu
3382 2243 5450 2352 de celui-ci il y a eu un ralentissement sensible tout dans les
3402 2349 5442 2462 ateliers qui font les noirs que dans ceux qui font les couleurs.
3428 2457 5474 2576 Depuis une quinzaine de jours les noirs ont un peu repris les
3420 2585 4698 2684 couleurs sont toujours en souffrance.
3654 2671 5566 2778 Les grands ateliers tels que ceux de Giler Renard Gruiros
3434 2779 5578 2886 Corous Michel et Devon et Ramel ont diminué leur
3402 2898 5606 3009 personnel d'environ un cinquième, et, néanmoins chez quelques
3548 2990 5614 3111 d'entr'eux les ouvriers se reposent un ou deux jours par semaine
3420 3033 3524 3112 uns
3582 3109 5546 3222 La cherté des soies contribue beaucoup au malaise dans
3380 3225 5622 3330 lequel se trouve cette industrie. L'on compte sur une reprise de
3400 3349 5066 3440 travail qui ne peut tarder, dit-on, à arriver.
1338 298 2872 529 En résumé la situation de notre principale industrie est
1074 403 2924 649 mauvaise, et, rendre la moitié, du moins un bon tiers des métiers
1318 587 2960 799 Le prix ... de la soie (140f le K) contribue pour
1092 633 1476 731 reste inoccupée.
1070 679 2942 911 beaucoup à l'entretien de cette situation fâcheuse ; mais l'on attend
1074 775 2918 1001 des soies de Chine qui on l'espère feront diminuer les prix des
1050 878 2960 1091 nôtres et amèneront son peu de travail vers la fin de ce mois des
1034 1034 1798 1192 les commencements d'octobre.
1694 1269 2394 1398 Industries diverses
1230 1582 2970 1740 Tulles, L'industrie des tulles est depuis plusieurs trimestres
1014 1694 2946 1840 dans de bonnes conditions et les nouvelles relations avec l'amerique
998 1799 2960 1950 y entretiendront, on l'espère, un travail suivi et assez bien retribué.
994 1904 2960 2050 Il est vrai pourtant de dire que cette bonne situation ne s'applique
990 2011 2954 2149 qu'aux tulles Beaubier et Matrices et que les tulles damanés sont
990 2123 2906 2245 toujours en souffrance. Dans la fabrication des premiers les
992 2237 2948 2352 ouvriers ne sont pas lésés pour le travail et gagnent 2f à 30f  par
966 2353 2938 2452 semaine, dans la fabrication des autres ils le sont et gagnent
1196 2471 1790 2560 près moitié moins.
970 2485 1128 2564 à peu
1216 2572 2960 2655 L'on dit mais il n'y a encore rien de pociter que les ouvriers
964 2677 2058 2756 veut de nouveau se mettre en grève.
1144 2887 2960 2970 Impressions sur étoffes _ Cette partie va aussi
920 2991 2836 3082 mal qu'au dernier trimestre et ne tend pas à s'améliorer.
1182 3103 2872 3194 Dans tous les grands ateliers de Lyon les ouvriers se
926 3209 2916 3302 reposent et 3 jours par semaine ; il est cette demesure de
934 3299 2346 3420 ceux de formation et de Neuville ne travail.
3596 266 5422 410 Il y a tous les ans à la même époque un moment de chômage
3364 361 5374 509 mais celui de cette année se fait plus vivement sentir que celui des années
3342 527 3636 613 précédentes.
4342 648 5426 755 Cette industrie a pris depuis quelques années
3608 695 4308 786 Passementerie _
3372 744 5438 887 à Lyon un grand développement dû à la vogue des dessements dont sont
3388 850 5370 978 chargés les vêtements de femmes. Cette modeste mantique et promet
3394 952 5214 1066 à cette partie un travail bien suivi pour l'angleterre encore.
3644 1040 5432 1160 Les ourviers sont assez bien retribués et la moyenne de leur journée
3410 1140 5450 1264 varie entre 27f et 45. Beaucoup de femmes sont occupées pour les
3398 1284 4038 1368 articles à l'aiguille.
3690 1432 5506 1569 Bijouterie femme _ Depuis quelques années cette industrie
3404 1549 5554 1674 est dans de mauvaises conditions. La guerre d'amerique lui a fait un
3378 1649 5558 1784 tort immense, aujourd'hui les relations internomiques avec le Levant
3406 1758 5330 1887 à cause de la fuite, font que son état va de mal en pis.
3652 1962 5450 2081 Ornements en bronze _ Cette industrie est dans les
3400 2078 5538 2205 mêmes conditions que les précédentes, et l'int est obligés de fabriquer
3406 2222 4484 2319 d'avance pour occuper les ouvriers.
3690 2290 5438 2413 Il n'arrive aucune commande ni de l'intérieur ni de
3406 2454 3746 2533 l'extérieur.
3688 2612 5242 2745 Constructeurs des machines à vapeur
3672 2716 5512 2853 M.M Chevalier, Danto, Combe et Gabert, chefs des
3414 2832 5554 2959 principaux ateliers de ce genre, à Lyon, n'ont depuis quelques temps
3438 2936 5550 3071 aucune commande importante et n'occupent leurs ouvriers qu'à
3448 3054 5612 3185 des Mabillages. Tous les ans, il est vrai, un chomage à lieu
3456 3168 5506 3297 a la même époque, mais comme il n'arrive aucun ordre
3410 3278 5658 3409 l'on craint que ce chomage ne se prolonge cette année plus que
3446 3438 3856 3523 d'habitude.
