<?xml version="1.0" encoding="utf-8"?>
<PcGts xmlns="http://schema.primaresearch.org/PAGE/gts/pagecontent/2013-07-15" xmlns:tu="timeUs" xmlns:xsi="http://www.w3.org/2001/XMLSchema-instance" xsi:schemaLocation="http://schema.primaresearch.org/PAGE/gts/pagecontent/2013-07-15 http://schema.primaresearch.org/PAGE/gts/pagecontent/2013-07-15/pagecontent.xsd">
<Metadata>
<Creator>prov=University of Rostock/Institute of Mathematics/CITlab/Tobias Gruening/tobias.gruening@uni-rostock.de:name=/net_tf/LA73_249_0mod360.pb:de.uro.citlab.module.la.core.CITlab_LA_ML:v=?0.1
TRP</Creator>
<Created>2018-05-23T13:26:50.406+02:00</Created>
<LastChange>2018-06-04T14:42:02.918+02:00</LastChange>
<tu:title>AD Seine Prud'homme 1858 (D1U10 386)</tu:title><tu:desc>No description.</tu:desc><tu:pagenumber>10</tu:pagenumber></Metadata>
<Page imageFilename="PH 1858-5.jpg" imageHeight="4608" imageWidth="3072" tu:id="10" tu:url="https://dbis-thure.uibk.ac.at/f/Get?id=XPYXICZJMSONOPJFWBDRJHKE&amp;fileType=view">
<ReadingOrder>
<OrderedGroup caption="Regions reading order" id="ro_1528116122975">
<RegionRefIndexed index="0" regionRef="r3"/>
</OrderedGroup>
</ReadingOrder>
<TextRegion custom="readingOrder {index:0;}" id="r3" orientation="0.0">
<Coords points="609,463 609,4307 2796,4307 2796,463"/>
<TextLine custom="readingOrder {index:0;}" id="r3l1">
<Coords points="765,529 864,534 963,538 1062,542 1161,545 1260,547 1359,550 1458,552 1557,552 1656,553 1755,553 1854,553 1953,553 2052,553 2151,553 2250,553 2349,555 2448,555 2547,555 2646,556 2745,556 2745,490 2646,490 2547,489 2448,489 2349,489 2250,487 2151,487 2052,487 1953,487 1854,487 1755,487 1656,487 1557,486 1458,486 1359,484 1260,481 1161,479 1062,476 963,472 864,468 765,463"/>
<Baseline points="765,507 864,512 963,516 1062,520 1161,523 1260,525 1359,528 1458,530 1557,530 1656,531 1755,531 1854,531 1953,531 2052,531 2151,531 2250,531 2349,533 2448,533 2547,533 2646,534 2745,534"/>
<TextEquiv>
<Unicode> Commet Fontaine, l’un de ses huissiers audienciers. Ainsi </Unicode>
</TextEquiv>
</TextLine>
<TextLine custom="readingOrder {index:1;}" id="r3l2">
<Coords points="750,619 815,624 880,627 946,629 1011,631 1077,634 1142,636 1207,637 1273,638 1338,639 1404,640 1469,640 1534,642 1600,642 1665,642 1731,642 1796,642 1861,642 1927,642 1992,642 2058,642 2058,576 1992,576 1927,576 1861,576 1796,576 1731,576 1665,576 1600,576 1534,576 1469,574 1404,574 1338,573 1273,572 1207,571 1142,570 1077,568 1011,565 946,563 880,561 815,558 750,553"/>
<Baseline points="750,597 815,602 880,605 946,607 1011,609 1077,612 1142,614 1207,615 1273,616 1338,617 1404,618 1469,618 1534,620 1600,620 1665,620 1731,620 1796,620 1861,620 1927,620 1992,620 2058,620"/>
<TextEquiv>
<Unicode>jugé les jour mois et an que dessus.</Unicode>
</TextEquiv>
</TextLine>
<TextLine custom="readingOrder {index:2;}" id="r3l9">
<Coords points="1359,1340 1393,1341 1427,1343 1461,1344 1495,1346 1529,1347 1563,1347 1598,1347 1632,1349 1666,1349 1700,1349 1734,1349 1768,1350 1802,1350 1837,1350 1871,1350 1905,1350 1939,1351 1973,1352 2007,1352 2042,1353 2042,1289 2007,1288 1973,1288 1939,1287 1905,1286 1871,1286 1837,1286 1802,1286 1768,1286 1734,1285 1700,1285 1666,1285 1632,1285 1598,1283 1563,1283 1529,1283 1495,1282 1461,1280 1427,1279 1393,1277 1359,1276"/>
<Baseline points="1359,1319 1393,1320 1427,1322 1461,1323 1495,1325 1529,1326 1563,1326 1598,1326 1632,1328 1666,1328 1700,1328 1734,1328 1768,1329 1802,1329 1837,1329 1871,1329 1905,1329 1939,1330 1973,1331 2007,1331 2042,1332"/>
<TextEquiv>
<Unicode>Du jour huit Janvier</Unicode>
</TextEquiv>
</TextLine>
<TextLine custom="readingOrder {index:3;}" id="r3l10">
<Coords points="747,1407 848,1411 950,1416 1051,1419 1153,1422 1254,1425 1356,1428 1457,1431 1559,1433 1660,1435 1762,1437 1864,1438 1965,1439 2067,1440 2168,1442 2270,1443 2371,1443 2473,1445 2574,1445 2676,1446 2778,1446 2778,1382 2676,1382 2574,1381 2473,1381 2371,1379 2270,1379 2168,1378 2067,1376 1965,1375 1864,1374 1762,1373 1660,1371 1559,1369 1457,1367 1356,1364 1254,1361 1153,1358 1051,1355 950,1352 848,1347 747,1343"/>
<Baseline points="747,1386 848,1390 950,1395 1051,1398 1153,1401 1254,1404 1356,1407 1457,1410 1559,1412 1660,1414 1762,1416 1864,1417 1965,1418 2067,1419 2168,1421 2270,1422 2371,1422 2473,1424 2574,1424 2676,1425 2778,1425"/>
<TextEquiv>
<Unicode>Entre Monsieur Louis  Damourette, agissant au nom et comme </Unicode>
</TextEquiv>
</TextLine>
<TextLine custom="readingOrder {index:4;}" id="r3l11">
<Coords points="714,1500 814,1502 915,1506 1015,1509 1116,1511 1216,1514 1317,1517 1417,1520 1518,1521 1618,1524 1719,1526 1819,1528 1920,1530 2020,1531 2121,1532 2221,1533 2322,1533 2422,1533 2523,1533 2623,1532 2724,1530 2724,1466 2623,1468 2523,1469 2422,1469 2322,1469 2221,1469 2121,1468 2020,1467 1920,1466 1819,1464 1719,1462 1618,1460 1518,1457 1417,1456 1317,1453 1216,1450 1116,1447 1015,1445 915,1442 814,1438 714,1436"/>
<Baseline points="714,1479 814,1481 915,1485 1015,1488 1116,1490 1216,1493 1317,1496 1417,1499 1518,1500 1618,1503 1719,1505 1819,1507 1920,1509 2020,1510 2121,1511 2221,1512 2322,1512 2422,1512 2523,1512 2623,1511 2724,1509"/>
<TextEquiv>
<Unicode>chargé de l’administration des biens et de la personne de sa fille </Unicode>
</TextEquiv>
</TextLine>
<TextLine custom="readingOrder {index:5;}" id="r3l12">
<Coords points="708,1589 809,1592 910,1594 1011,1597 1113,1598 1214,1601 1315,1604 1416,1606 1518,1609 1619,1612 1720,1613 1821,1615 1923,1618 2024,1619 2125,1621 2226,1622 2328,1622 2429,1622 2530,1622 2631,1622 2733,1622 2733,1562 2631,1562 2530,1562 2429,1562 2328,1562 2226,1562 2125,1561 2024,1559 1923,1558 1821,1555 1720,1553 1619,1552 1518,1549 1416,1546 1315,1544 1214,1541 1113,1538 1011,1537 910,1534 809,1532 708,1529"/>
<Baseline points="708,1569 809,1572 910,1574 1011,1577 1113,1578 1214,1581 1315,1584 1416,1586 1518,1589 1619,1592 1720,1593 1821,1595 1923,1598 2024,1599 2125,1601 2226,1602 2328,1602 2429,1602 2530,1602 2631,1602 2733,1602"/>
<TextEquiv>
<Unicode>mineure Maria Damourette, ouvrière demeurant le dit </Unicode>
</TextEquiv>
</TextLine>
<TextLine custom="readingOrder {index:6;}" id="r3l13">
<Coords points="699,1669 800,1674 901,1681 1002,1685 1104,1690 1205,1693 1306,1696 1407,1699 1509,1702 1610,1703 1711,1705 1812,1706 1914,1708 2015,1708 2116,1709 2217,1709 2319,1709 2420,1711 2521,1711 2622,1711 2724,1712 2724,1652 2622,1651 2521,1651 2420,1651 2319,1649 2217,1649 2116,1649 2015,1648 1914,1648 1812,1646 1711,1645 1610,1643 1509,1642 1407,1639 1306,1636 1205,1633 1104,1630 1002,1625 901,1621 800,1614 699,1609"/>
<Baseline points="699,1649 800,1654 901,1661 1002,1665 1104,1670 1205,1673 1306,1676 1407,1679 1509,1682 1610,1683 1711,1685 1812,1686 1914,1688 2015,1688 2116,1689 2217,1689 2319,1689 2420,1691 2521,1691 2622,1691 2724,1692"/>
<TextEquiv>
<Unicode>Damourette, à Paris, rue Saint Lazare, numéro cent six ; </Unicode>
</TextEquiv>
</TextLine>
<TextLine custom="readingOrder {index:7;}" id="r3l14">
<Coords points="696,1764 797,1769 899,1772 1001,1776 1102,1779 1204,1782 1306,1785 1407,1788 1509,1790 1611,1791 1713,1794 1814,1796 1916,1797 2018,1799 2119,1799 2221,1800 2323,1800 2424,1802 2526,1802 2628,1802 2730,1802 2730,1738 2628,1738 2526,1738 2424,1738 2323,1736 2221,1736 2119,1735 2018,1735 1916,1733 1814,1732 1713,1730 1611,1727 1509,1726 1407,1724 1306,1721 1204,1718 1102,1715 1001,1712 899,1708 797,1705 696,1700"/>
<Baseline points="696,1743 797,1748 899,1751 1001,1755 1102,1758 1204,1761 1306,1764 1407,1767 1509,1769 1611,1770 1713,1773 1814,1775 1916,1776 2018,1778 2119,1778 2221,1779 2323,1779 2424,1781 2526,1781 2628,1781 2730,1781"/>
<TextEquiv>
<Unicode>Demandeur ; Comparant ; D’une part ; et Monsieur </Unicode>
</TextEquiv>
</TextLine>
<TextLine custom="readingOrder {index:8;}" id="r3l15">
<Coords points="702,1859 805,1863 908,1868 1012,1872 1115,1875 1218,1879 1322,1882 1425,1884 1528,1886 1632,1889 1735,1890 1838,1892 1942,1893 2045,1895 2148,1895 2252,1896 2355,1898 2458,1898 2562,1899 2665,1901 2769,1901 2769,1838 2665,1838 2562,1836 2458,1835 2355,1835 2252,1833 2148,1832 2045,1832 1942,1830 1838,1829 1735,1827 1632,1826 1528,1823 1425,1821 1322,1819 1218,1816 1115,1812 1012,1809 908,1805 805,1800 702,1796"/>
<Baseline points="702,1838 805,1842 908,1847 1012,1851 1115,1854 1218,1858 1322,1861 1425,1863 1528,1865 1632,1868 1735,1869 1838,1871 1942,1872 2045,1874 2148,1874 2252,1875 2355,1877 2458,1877 2562,1878 2665,1880 2769,1880"/>
<TextEquiv>
<Unicode>et Madame Furstenorff, le dit sieur Furstenorff tant en son </Unicode>
</TextEquiv>
</TextLine>
<TextLine custom="readingOrder {index:9;}" id="r3l16">
<Coords points="711,1952 813,1956 916,1959 1019,1962 1122,1964 1225,1967 1328,1969 1431,1971 1534,1973 1637,1975 1740,1977 1842,1979 1945,1980 2048,1982 2151,1983 2254,1985 2357,1985 2460,1986 2563,1988 2666,1989 2769,1989 2769,1926 2666,1926 2563,1925 2460,1923 2357,1922 2254,1922 2151,1920 2048,1919 1945,1917 1842,1916 1740,1914 1637,1912 1534,1910 1431,1908 1328,1906 1225,1904 1122,1901 1019,1899 916,1896 813,1893 711,1889"/>
<Baseline points="711,1931 813,1935 916,1938 1019,1941 1122,1943 1225,1946 1328,1948 1431,1950 1534,1952 1637,1954 1740,1956 1842,1958 1945,1959 2048,1961 2151,1962 2254,1964 2357,1964 2460,1965 2563,1967 2666,1968 2769,1968"/>
<TextEquiv>
<Unicode>nom personnel que pour assister et autoriser la dame son épouse </Unicode>
</TextEquiv>
</TextLine>
<TextLine custom="readingOrder {index:10;} textStyle {offset:56; length:11;strikethrough:true; fontSize:0.0; kerning:0;}" id="r3l17">
<Coords points="681,2046 785,2049 890,2052 995,2055 1100,2058 1205,2061 1310,2062 1414,2065 1519,2067 1624,2068 1729,2071 1834,2071 1939,2073 2044,2074 2148,2076 2253,2077 2358,2077 2463,2079 2568,2080 2673,2080 2778,2082 2778,2016 2673,2014 2568,2014 2463,2013 2358,2011 2253,2011 2148,2010 2044,2008 1939,2007 1834,2005 1729,2005 1624,2002 1519,2001 1414,1999 1310,1996 1205,1995 1100,1992 995,1989 890,1986 785,1983 681,1980"/>
<Baseline points="681,2024 785,2027 890,2030 995,2033 1100,2036 1205,2039 1310,2040 1414,2043 1519,2045 1624,2046 1729,2049 1834,2049 1939,2051 2044,2052 2148,2054 2253,2055 2358,2055 2463,2057 2568,2058 2673,2058 2778,2060"/>
<TextEquiv>
<Unicode>fabricante de fleurs artificielles, domiciliés à Paris, même adrese</Unicode>
</TextEquiv>
</TextLine>
<TextLine custom="readingOrder {index:11;} textStyle {offset:0; length:10;strikethrough:true; fontSize:0.0; kerning:0;}" id="r3l18">
<Coords points="693,2145 796,2146 900,2146 1004,2148 1108,2149 1211,2151 1315,2154 1419,2155 1523,2158 1626,2160 1730,2163 1834,2164 1938,2166 2041,2168 2145,2169 2249,2170 2353,2172 2456,2172 2560,2172 2664,2170 2768,2170 2768,2104 2664,2104 2560,2106 2456,2106 2353,2106 2249,2104 2145,2103 2041,2102 1938,2100 1834,2098 1730,2097 1626,2094 1523,2092 1419,2089 1315,2088 1211,2085 1108,2083 1004,2082 900,2080 796,2080 693,2079"/>
<Baseline points="693,2123 796,2124 900,2124 1004,2126 1108,2127 1211,2129 1315,2132 1419,2133 1523,2136 1626,2138 1730,2141 1834,2142 1938,2144 2041,2146 2145,2147 2249,2148 2353,2150 2456,2150 2560,2150 2664,2148 2768,2148"/>
<TextEquiv>
<Unicode>que dessus rue de Choiseul, numéro premier ; Défenseurs ; </Unicode>
</TextEquiv>
</TextLine>
<TextLine custom="readingOrder {index:12;}" id="r3l19">
<Coords points="687,2239 790,2240 893,2242 996,2245 1099,2246 1203,2248 1306,2249 1409,2252 1512,2254 1615,2255 1719,2257 1822,2258 1925,2260 2028,2261 2131,2263 2235,2264 2338,2264 2441,2266 2544,2266 2647,2266 2751,2266 2751,2197 2647,2197 2544,2197 2441,2197 2338,2195 2235,2195 2131,2194 2028,2192 1925,2191 1822,2189 1719,2188 1615,2186 1512,2185 1409,2183 1306,2180 1203,2179 1099,2177 996,2176 893,2173 790,2171 687,2170"/>
<Baseline points="687,2216 790,2217 893,2219 996,2222 1099,2223 1203,2225 1306,2226 1409,2229 1512,2231 1615,2232 1719,2234 1822,2235 1925,2237 2028,2238 2131,2240 2235,2241 2338,2241 2441,2243 2544,2243 2647,2243 2751,2243"/>
<TextEquiv>
<Unicode>Défaillant ; D’autre part ; Point de fait – Par lettre du </Unicode>
</TextEquiv>
</TextLine>
<TextLine custom="readingOrder {index:13;}" id="r3l20">
<Coords points="693,2332 797,2335 902,2336 1006,2338 1111,2339 1215,2341 1320,2342 1424,2345 1529,2347 1633,2348 1738,2350 1843,2351 1947,2353 2052,2354 2156,2356 2261,2357 2365,2359 2470,2360 2574,2360 2679,2360 2784,2362 2784,2293 2679,2291 2574,2291 2470,2291 2365,2290 2261,2288 2156,2287 2052,2285 1947,2284 1843,2282 1738,2281 1633,2279 1529,2278 1424,2276 1320,2273 1215,2272 1111,2270 1006,2269 902,2267 797,2266 693,2263"/>
<Baseline points="693,2309 797,2312 902,2313 1006,2315 1111,2316 1215,2318 1320,2319 1424,2322 1529,2324 1633,2325 1738,2327 1843,2328 1947,2330 2052,2331 2156,2333 2261,2334 2365,2336 2470,2337 2574,2337 2679,2337 2784,2339"/>
<TextEquiv>
<Unicode>secrétaire du Conseil de Prud’homme du Département de la Seine</Unicode>
</TextEquiv>
</TextLine>
<TextLine custom="readingOrder {index:14;}" id="r3l21">
<Coords points="678,2427 782,2428 887,2430 991,2431 1096,2433 1200,2435 1305,2437 1409,2439 1514,2441 1618,2443 1723,2445 1828,2446 1932,2448 2037,2449 2141,2451 2246,2452 2350,2454 2455,2454 2559,2455 2664,2455 2769,2455 2769,2388 2664,2388 2559,2388 2455,2387 2350,2387 2246,2385 2141,2384 2037,2382 1932,2381 1828,2379 1723,2378 1618,2376 1514,2374 1409,2372 1305,2370 1200,2368 1096,2366 991,2364 887,2363 782,2361 678,2360"/>
<Baseline points="678,2405 782,2406 887,2408 991,2409 1096,2411 1200,2413 1305,2415 1409,2417 1514,2419 1618,2421 1723,2423 1828,2424 1932,2426 2037,2427 2141,2429 2246,2430 2350,2432 2455,2432 2559,2433 2664,2433 2769,2433"/>
<TextEquiv>
<Unicode>pour l’industrie du tissus, en date des vingt un Décembre mil huit </Unicode>
</TextEquiv>
</TextLine>
<TextLine custom="readingOrder {index:15;}" id="r3l22">
<Coords points="672,2520 775,2521 878,2521 981,2523 1084,2524 1187,2527 1290,2529 1393,2530 1496,2533 1599,2535 1702,2536 1805,2539 1908,2541 2011,2542 2114,2544 2217,2544 2320,2545 2423,2545 2526,2544 2629,2544 2733,2542 2733,2475 2629,2477 2526,2477 2423,2478 2320,2478 2217,2477 2114,2477 2011,2475 1908,2474 1805,2472 1702,2469 1599,2468 1496,2466 1393,2463 1290,2462 1187,2460 1084,2457 981,2456 878,2454 775,2454 672,2453"/>
<Baseline points="672,2498 775,2499 878,2499 981,2501 1084,2502 1187,2505 1290,2507 1393,2508 1496,2511 1599,2513 1702,2514 1805,2517 1908,2519 2011,2520 2114,2522 2217,2522 2320,2523 2423,2523 2526,2522 2629,2522 2733,2520"/>
<TextEquiv>
<Unicode>cent cinquante sept Damourette es noms qu’il agit fit citer </Unicode>
</TextEquiv>
</TextLine>
<TextLine custom="readingOrder {index:16;}" id="r3l23">
<Coords points="680,2614 783,2616 887,2617 990,2619 1094,2620 1197,2622 1301,2623 1404,2625 1508,2626 1611,2628 1715,2629 1819,2631 1922,2632 2026,2634 2129,2635 2233,2637 2336,2638 2440,2638 2543,2640 2647,2641 2751,2641 2751,2574 2647,2574 2543,2573 2440,2571 2336,2571 2233,2570 2129,2568 2026,2567 1922,2565 1819,2564 1715,2562 1611,2561 1508,2559 1404,2558 1301,2556 1197,2555 1094,2553 990,2552 887,2550 783,2549 680,2547"/>
<Baseline points="680,2592 783,2594 887,2595 990,2597 1094,2598 1197,2600 1301,2601 1404,2603 1508,2604 1611,2606 1715,2607 1819,2609 1922,2610 2026,2612 2129,2613 2233,2615 2336,2616 2440,2616 2543,2618 2647,2619 2751,2619"/>
<TextEquiv>
<Unicode>les époux Firstenorff à comparaitre par devant le conseil de </Unicode>
</TextEquiv>
</TextLine>
<TextLine custom="readingOrder {index:17;}" id="r3l24">
<Coords points="674,2706 778,2707 882,2709 986,2712 1090,2713 1194,2715 1298,2716 1402,2718 1506,2719 1610,2721 1714,2721 1818,2722 1922,2724 2026,2725 2130,2727 2234,2728 2338,2730 2442,2732 2546,2734 2650,2736 2754,2737 2754,2670 2650,2669 2546,2667 2442,2665 2338,2663 2234,2661 2130,2660 2026,2658 1922,2657 1818,2655 1714,2654 1610,2654 1506,2652 1402,2651 1298,2649 1194,2648 1090,2646 986,2645 882,2642 778,2640 674,2639"/>
<Baseline points="674,2684 778,2685 882,2687 986,2690 1090,2691 1194,2693 1298,2694 1402,2696 1506,2697 1610,2699 1714,2699 1818,2700 1922,2702 2026,2703 2130,2705 2234,2706 2338,2708 2442,2710 2546,2712 2650,2714 2754,2715"/>
<TextEquiv>
<Unicode>Prud’hommes séant le mardi vingt deux Décembre pour se </Unicode>
</TextEquiv>
</TextLine>
<TextLine custom="readingOrder {index:18;}" id="r3l25">
<Coords points="654,2804 758,2806 862,2807 967,2809 1071,2809 1176,2812 1280,2812 1384,2813 1489,2815 1593,2816 1698,2818 1802,2819 1906,2821 2011,2822 2115,2824 2220,2825 2324,2826 2428,2827 2533,2828 2637,2830 2742,2830 2742,2760 2637,2760 2533,2758 2428,2757 2324,2756 2220,2755 2115,2754 2011,2752 1906,2751 1802,2749 1698,2748 1593,2746 1489,2745 1384,2743 1280,2742 1176,2742 1071,2739 967,2739 862,2737 758,2736 654,2734"/>
<Baseline points="654,2781 758,2783 862,2784 967,2786 1071,2786 1176,2789 1280,2789 1384,2790 1489,2792 1593,2793 1698,2795 1802,2796 1906,2798 2011,2799 2115,2801 2220,2802 2324,2803 2428,2804 2533,2805 2637,2807 2742,2807"/>
<TextEquiv>
<Unicode>concilier si faire se pouvait sur la demande qu’elle entend former </Unicode>
</TextEquiv>
</TextLine>
<TextLine custom="readingOrder {index:19;}" id="r3l26">
<Coords points="668,2897 773,2899 879,2902 984,2903 1090,2905 1195,2906 1301,2908 1406,2909 1512,2911 1617,2911 1723,2912 1828,2914 1934,2914 2039,2915 2145,2915 2250,2917 2356,2917 2461,2918 2567,2918 2672,2920 2778,2920 2778,2850 2672,2850 2567,2848 2461,2848 2356,2847 2250,2847 2145,2845 2039,2845 1934,2844 1828,2844 1723,2842 1617,2841 1512,2841 1406,2839 1301,2838 1195,2836 1090,2835 984,2833 879,2832 773,2829 668,2827"/>
<Baseline points="668,2874 773,2876 879,2879 984,2880 1090,2882 1195,2883 1301,2885 1406,2886 1512,2888 1617,2888 1723,2889 1828,2891 1934,2891 2039,2892 2145,2892 2250,2894 2356,2894 2461,2895 2567,2895 2672,2897 2778,2897"/>
<TextEquiv>
<Unicode>contre eux devant le dit conseil en paiement de la somme de trente </Unicode>
</TextEquiv>
</TextLine>
<TextLine custom="readingOrder {index:20;}" id="r3l27">
<Coords points="659,2998 764,2998 870,2998 975,3000 1081,3000 1187,3001 1292,3003 1398,3004 1504,3004 1609,3006 1715,3008 1821,3010 1926,3010 2032,3012 2138,3013 2243,3015 2349,3016 2455,3018 2560,3019 2666,3019 2772,3019 2772,2952 2666,2952 2560,2952 2455,2951 2349,2949 2243,2948 2138,2946 2032,2945 1926,2943 1821,2943 1715,2941 1609,2939 1504,2937 1398,2937 1292,2936 1187,2934 1081,2933 975,2933 870,2931 764,2931 659,2931"/>
<Baseline points="659,2976 764,2976 870,2976 975,2978 1081,2978 1187,2979 1292,2981 1398,2982 1504,2982 1609,2984 1715,2986 1821,2988 1926,2988 2032,2990 2138,2991 2243,2993 2349,2994 2455,2996 2560,2997 2666,2997 2772,2997"/>
<TextEquiv>
<Unicode>sept francs quarante centimes qu’il prétend lui être due pour travaux </Unicode>
</TextEquiv>
</TextLine>
<TextLine custom="readingOrder {index:21;}" id="r3l28">
<Coords points="644,3088 750,3090 856,3091 963,3091 1069,3093 1176,3094 1282,3094 1388,3096 1495,3097 1601,3099 1708,3100 1814,3102 1920,3103 2027,3105 2133,3106 2240,3108 2346,3110 2452,3112 2559,3114 2665,3117 2772,3118 2772,3051 2665,3050 2559,3047 2452,3045 2346,3043 2240,3041 2133,3039 2027,3038 1920,3036 1814,3035 1708,3033 1601,3032 1495,3030 1388,3029 1282,3027 1176,3027 1069,3026 963,3024 856,3024 750,3023 644,3021"/>
<Baseline points="644,3066 750,3068 856,3069 963,3069 1069,3071 1176,3072 1282,3072 1388,3074 1495,3075 1601,3077 1708,3078 1814,3080 1920,3081 2027,3083 2133,3084 2240,3086 2346,3088 2452,3090 2559,3092 2665,3095 2772,3096"/>
<TextEquiv>
<Unicode>de sa fille pour leur compte et d’après leurs ordres. A l’appel de la </Unicode>
</TextEquiv>
</TextLine>
<TextLine custom="readingOrder {index:22;}" id="r3l29">
<Coords points="648,3190 754,3191 860,3193 967,3194 1073,3194 1179,3196 1286,3197 1392,3197 1498,3199 1605,3199 1711,3200 1817,3200 1924,3202 2030,3202 2136,3203 2243,3205 2349,3206 2455,3209 2562,3211 2668,3214 2775,3217 2775,3148 2668,3145 2562,3142 2455,3140 2349,3137 2243,3136 2136,3134 2030,3133 1924,3133 1817,3131 1711,3131 1605,3130 1498,3130 1392,3128 1286,3128 1179,3127 1073,3125 967,3125 860,3124 754,3122 648,3121"/>
<Baseline points="648,3167 754,3168 860,3170 967,3171 1073,3171 1179,3173 1286,3174 1392,3174 1498,3176 1605,3176 1711,3177 1817,3177 1924,3179 2030,3179 2136,3180 2243,3182 2349,3183 2455,3186 2562,3188 2668,3191 2775,3194"/>
<TextEquiv>
<Unicode>cause Damourette se présenta et exposa que les époux Furstenorff </Unicode>
</TextEquiv>
</TextLine>
<TextLine custom="readingOrder {index:23;}" id="r3l30">
<Coords points="659,3290 761,3290 863,3289 965,3289 1067,3287 1169,3289 1271,3289 1374,3289 1476,3290 1578,3290 1680,3292 1782,3293 1884,3295 1986,3296 2089,3298 2191,3299 2293,3301 2395,3302 2497,3304 2599,3305 2702,3307 2702,3238 2599,3236 2497,3235 2395,3233 2293,3232 2191,3230 2089,3229 1986,3227 1884,3226 1782,3224 1680,3223 1578,3221 1476,3221 1374,3220 1271,3220 1169,3220 1067,3218 965,3220 863,3220 761,3221 659,3221"/>
<Baseline points="659,3267 761,3267 863,3266 965,3266 1067,3264 1169,3266 1271,3266 1374,3266 1476,3267 1578,3267 1680,3269 1782,3270 1884,3272 1986,3273 2089,3275 2191,3276 2293,3278 2395,3279 2497,3281 2599,3282 2702,3284"/>
<TextEquiv>
<Unicode>étaient débiteur de la somme de trente sept francs quarante </Unicode>
</TextEquiv>
</TextLine>
<TextLine custom="readingOrder {index:24;}" id="r3l31">
<Coords points="650,3382 757,3383 864,3385 971,3386 1079,3386 1186,3388 1293,3389 1401,3389 1508,3390 1615,3391 1723,3392 1830,3392 1937,3394 2044,3395 2152,3397 2259,3398 2366,3400 2474,3403 2581,3405 2688,3409 2796,3412 2796,3343 2688,3340 2581,3336 2474,3334 2366,3331 2259,3329 2152,3328 2044,3326 1937,3325 1830,3323 1723,3323 1615,3322 1508,3321 1401,3320 1293,3320 1186,3319 1079,3317 971,3317 864,3316 757,3314 650,3313"/>
<Baseline points="650,3359 757,3360 864,3362 971,3363 1079,3363 1186,3365 1293,3366 1401,3366 1508,3367 1615,3368 1723,3369 1830,3369 1937,3371 2044,3372 2152,3374 2259,3375 2366,3377 2474,3380 2581,3382 2688,3386 2796,3389"/>
<TextEquiv>
<Unicode>centimes envers sa fille pour travaux par elle faits ? La dame Furstenorff </Unicode>
</TextEquiv>
</TextLine>
<TextLine custom="readingOrder {index:25;}" id="r3l32">
<Coords points="644,3490 750,3488 856,3487 962,3487 1068,3485 1174,3485 1280,3485 1386,3485 1492,3487 1598,3487 1705,3488 1811,3488 1917,3490 2023,3491 2129,3491 2235,3493 2341,3494 2447,3496 2553,3496 2659,3497 2766,3499 2766,3429 2659,3427 2553,3426 2447,3426 2341,3424 2235,3423 2129,3421 2023,3421 1917,3420 1811,3418 1705,3418 1598,3417 1492,3417 1386,3415 1280,3415 1174,3415 1068,3415 962,3417 856,3417 750,3418 644,3420"/>
<Baseline points="644,3467 750,3465 856,3464 962,3464 1068,3462 1174,3462 1280,3462 1386,3462 1492,3464 1598,3464 1705,3465 1811,3465 1917,3467 2023,3468 2129,3468 2235,3470 2341,3471 2447,3473 2553,3473 2659,3474 2766,3476"/>
<TextEquiv>
<Unicode>@@@&amp;@se présenta et exposa au Conseil qu’ayant payé la demoiselle </Unicode>
</TextEquiv>
</TextLine>
<TextLine custom="readingOrder {index:26;}" id="r3l33">
<Coords points="630,3580 737,3581 845,3581 952,3581 1060,3581 1167,3583 1275,3583 1382,3583 1490,3583 1597,3584 1705,3584 1813,3586 1920,3586 2028,3587 2135,3590 2243,3592 2350,3593 2458,3596 2565,3599 2673,3602 2781,3607 2781,3537 2673,3532 2565,3529 2458,3526 2350,3523 2243,3522 2135,3520 2028,3517 1920,3516 1813,3516 1705,3514 1597,3514 1490,3513 1382,3513 1275,3513 1167,3513 1060,3511 952,3511 845,3511 737,3511 630,3510"/>
<Baseline points="630,3557 737,3558 845,3558 952,3558 1060,3558 1167,3560 1275,3560 1382,3560 1490,3560 1597,3561 1705,3561 1813,3563 1920,3563 2028,3564 2135,3567 2243,3569 2350,3570 2458,3573 2565,3576 2673,3579 2781,3584"/>
<TextEquiv>
<Unicode>Damourette lors de son départ chez elle elle n’était nullement </Unicode>
</TextEquiv>
</TextLine>
<TextLine custom="readingOrder {index:27;}" id="r3l34">
<Coords points="618,3683 725,3682 833,3680 940,3679 1048,3679 1155,3679 1263,3677 1370,3679 1478,3679 1585,3679 1693,3680 1800,3680 1908,3682 2015,3683 2123,3685 2230,3686 2338,3689 2445,3691 2553,3694 2660,3695 2768,3698 2768,3628 2660,3625 2553,3624 2445,3621 2338,3619 2230,3616 2123,3615 2015,3613 1908,3612 1800,3610 1693,3610 1585,3609 1478,3609 1370,3609 1263,3607 1155,3609 1048,3609 940,3609 833,3610 725,3612 618,3613"/>
<Baseline points="618,3660 725,3659 833,3657 940,3656 1048,3656 1155,3656 1263,3654 1370,3656 1478,3656 1585,3656 1693,3657 1800,3657 1908,3659 2015,3660 2123,3662 2230,3663 2338,3666 2445,3668 2553,3671 2660,3672 2768,3675"/>
<TextEquiv>
<Unicode>redevable de la somme réclamée. La cause en cet état fut ajournée </Unicode>
</TextEquiv>
</TextLine>
<TextLine custom="readingOrder {index:28;}" id="r3l35">
<Coords points="623,3780 730,3780 838,3780 946,3778 1054,3778 1162,3778 1270,3778 1378,3778 1486,3778 1594,3780 1702,3780 1809,3781 1917,3783 2025,3783 2133,3786 2241,3787 2349,3789 2457,3792 2565,3794 2673,3798 2781,3801 2781,3735 2673,3732 2565,3728 2457,3726 2349,3723 2241,3721 2133,3720 2025,3717 1917,3717 1809,3715 1702,3714 1594,3714 1486,3712 1378,3712 1270,3712 1162,3712 1054,3712 946,3712 838,3714 730,3714 623,3714"/>
<Baseline points="623,3758 730,3758 838,3758 946,3756 1054,3756 1162,3756 1270,3756 1378,3756 1486,3756 1594,3758 1702,3758 1809,3759 1917,3761 2025,3761 2133,3764 2241,3765 2349,3767 2457,3770 2565,3772 2673,3776 2781,3779"/>
<TextEquiv>
<Unicode>au Mercredi vingt trois Décembre pour procéder à la vérification </Unicode>
</TextEquiv>
</TextLine>
<TextLine custom="readingOrder {index:29;}" id="r3l36">
<Coords points="632,3879 739,3877 846,3876 953,3876 1061,3874 1168,3874 1275,3874 1383,3874 1490,3874 1597,3874 1705,3874 1812,3876 1919,3876 2026,3877 2134,3879 2241,3880 2348,3881 2456,3883 2563,3885 2670,3886 2778,3889 2778,3823 2670,3820 2563,3819 2456,3817 2348,3815 2241,3814 2134,3813 2026,3811 1919,3810 1812,3810 1705,3808 1597,3808 1490,3808 1383,3808 1275,3808 1168,3808 1061,3808 953,3810 846,3810 739,3811 632,3813"/>
<Baseline points="632,3857 739,3855 846,3854 953,3854 1061,3852 1168,3852 1275,3852 1383,3852 1490,3852 1597,3852 1705,3852 1812,3854 1919,3854 2026,3855 2134,3857 2241,3858 2348,3859 2456,3861 2563,3863 2670,3864 2778,3867"/>
<TextEquiv>
<Unicode>des livres des époux Furstenorff. A l’appel de la cause le vingt</Unicode>
</TextEquiv>
</TextLine>
<TextLine custom="readingOrder {index:30;}" id="r3l37">
<Coords points="626,3976 733,3976 840,3974 948,3974 1055,3973 1163,3973 1270,3972 1378,3971 1485,3971 1593,3971 1700,3971 1807,3971 1915,3973 2022,3973 2130,3974 2237,3976 2345,3977 2452,3979 2560,3982 2667,3983 2775,3986 2775,3917 2667,3914 2560,3913 2452,3910 2345,3908 2237,3907 2130,3905 2022,3904 1915,3904 1807,3902 1700,3902 1593,3902 1485,3902 1378,3902 1270,3903 1163,3904 1055,3904 948,3905 840,3905 733,3907 626,3907"/>
<Baseline points="626,3953 733,3953 840,3951 948,3951 1055,3950 1163,3950 1270,3949 1378,3948 1485,3948 1593,3948 1700,3948 1807,3948 1915,3950 2022,3950 2130,3951 2237,3953 2345,3954 2452,3956 2560,3959 2667,3960 2775,3963"/>
<TextEquiv>
<Unicode> trois Décembre la dame Furstenorff ne put présenter de </Unicode>
</TextEquiv>
</TextLine>
<TextLine custom="readingOrder {index:31;}" id="r3l38">
<Coords points="618,4082 725,4078 833,4075 941,4072 1048,4069 1156,4067 1264,4066 1371,4066 1479,4064 1587,4064 1695,4064 1802,4066 1910,4066 2018,4067 2125,4069 2233,4070 2341,4072 2448,4073 2556,4075 2664,4077 2772,4079 2772,4010 2664,4008 2556,4006 2448,4004 2341,4003 2233,4001 2125,4000 2018,3998 1910,3997 1802,3997 1695,3995 1587,3995 1479,3995 1371,3997 1264,3997 1156,3998 1048,4000 941,4003 833,4006 725,4009 618,4013"/>
<Baseline points="618,4059 725,4055 833,4052 941,4049 1048,4046 1156,4044 1264,4043 1371,4043 1479,4041 1587,4041 1695,4041 1802,4043 1910,4043 2018,4044 2125,4046 2233,4047 2341,4049 2448,4050 2556,4052 2664,4054 2772,4056"/>
<TextEquiv>
<Unicode>livres mais persista dans sa déclaration première en ajoutant </Unicode>
</TextEquiv>
</TextLine>
<TextLine custom="readingOrder {index:32;}" id="r3l39">
<Coords points="614,4177 722,4175 830,4174 939,4172 1047,4169 1155,4168 1264,4166 1372,4165 1480,4163 1589,4163 1697,4162 1805,4163 1914,4163 2022,4165 2130,4166 2239,4168 2347,4171 2455,4175 2564,4180 2672,4186 2781,4193 2781,4123 2672,4116 2564,4110 2455,4105 2347,4101 2239,4098 2130,4096 2022,4095 1914,4093 1805,4093 1697,4092 1589,4093 1480,4093 1372,4095 1264,4096 1155,4098 1047,4099 939,4102 830,4104 722,4105 614,4107"/>
<Baseline points="614,4154 722,4152 830,4151 939,4149 1047,4146 1155,4145 1264,4143 1372,4142 1480,4140 1589,4140 1697,4139 1805,4140 1914,4140 2022,4142 2130,4143 2239,4145 2347,4148 2455,4152 2564,4157 2672,4163 2781,4170"/>
<TextEquiv>
<Unicode>que la somme réclamée semblait porter sur un travail qui ne devait </Unicode>
</TextEquiv>
</TextLine>
<TextLine custom="readingOrder {index:33;}" id="r3l40">
<Coords points="609,4286 712,4285 816,4283 919,4282 1023,4280 1127,4280 1230,4279 1334,4279 1438,4279 1541,4279 1645,4280 1749,4282 1852,4283 1956,4285 2060,4286 2163,4289 2267,4292 2371,4295 2474,4299 2578,4303 2682,4307 2682,4237 2578,4233 2474,4229 2371,4225 2267,4222 2163,4219 2060,4216 1956,4215 1852,4213 1749,4212 1645,4210 1541,4209 1438,4209 1334,4209 1230,4209 1127,4210 1023,4210 919,4212 816,4213 712,4215 609,4216"/>
<Baseline points="609,4263 712,4262 816,4260 919,4259 1023,4257 1127,4257 1230,4256 1334,4256 1438,4256 1541,4256 1645,4257 1749,4259 1852,4260 1956,4262 2060,4263 2163,4266 2267,4269 2371,4272 2474,4276 2578,4280 2682,4284"/>
<TextEquiv>
<Unicode>pas être payé à l’ouvrière puisqu’effectué en morte saison,  </Unicode>
</TextEquiv>
</TextLine>
<TextEquiv>
<Unicode> Commet Fontaine, l’un de ses huissiers audienciers. Ainsi 
jugé les jour mois et an que dessus.
Du jour huit Janvier
Entre Monsieur Louis  Damourette, agissant au nom et comme 
chargé de l’administration des biens et de la personne de sa fille 
mineure Maria Damourette, ouvrière demeurant le dit 
Damourette, à Paris, rue Saint Lazare, numéro cent six ; 
Demandeur ; Comparant ; D’une part ; et Monsieur 
et Madame Furstenorff, le dit sieur Furstenorff tant en son 
nom personnel que pour assister et autoriser la dame son épouse 
fabricante de fleurs artificielles, domiciliés à Paris, même adrese
que dessus rue de Choiseul, numéro premier ; Défenseurs ; 
Défaillant ; D’autre part ; Point de fait – Par lettre du 
secrétaire du Conseil de Prud’homme du Département de la Seine
pour l’industrie du tissus, en date des vingt un Décembre mil huit 
cent cinquante sept Damourette es noms qu’il agit fit citer 
les époux Firstenorff à comparaitre par devant le conseil de 
Prud’hommes séant le mardi vingt deux Décembre pour se 
concilier si faire se pouvait sur la demande qu’elle entend former 
contre eux devant le dit conseil en paiement de la somme de trente 
sept francs quarante centimes qu’il prétend lui être due pour travaux 
de sa fille pour leur compte et d’après leurs ordres. A l’appel de la 
cause Damourette se présenta et exposa que les époux Furstenorff 
étaient débiteur de la somme de trente sept francs quarante 
centimes envers sa fille pour travaux par elle faits ? La dame Furstenorff 
@@@&amp;@se présenta et exposa au Conseil qu’ayant payé la demoiselle 
Damourette lors de son départ chez elle elle n’était nullement 
redevable de la somme réclamée. La cause en cet état fut ajournée 
au Mercredi vingt trois Décembre pour procéder à la vérification 
des livres des époux Furstenorff. A l’appel de la cause le vingt
 trois Décembre la dame Furstenorff ne put présenter de 
livres mais persista dans sa déclaration première en ajoutant 
que la somme réclamée semblait porter sur un travail qui ne devait 
pas être payé à l’ouvrière puisqu’effectué en morte saison,  </Unicode>
</TextEquiv>
</TextRegion>
</Page>
</PcGts>