4608 3072
2013 498 2601 582 Du dit jour cinq Février
1415 574 3381 698 Entre madame Pauline, ouvrière, épouse assistée et
1409 662 3411 786 autorisée du sieur Bérnard Akar ; et ce dernier demeurant ensembles
1398 753 3438 879 les dits époux, à Paris, rue du faubourg saint martin, numéro quatre vingt
1389 844 3417 964 onze ; demandeurs ; comparant ; D’autre part ; Et
1422 937 3357 1045 monsieur Forteau, fabricant de Cols-cravates, demeurant et
1404 1026 3444 1149 domicile, à Paris, rue du faubourg saint martin, numéro quatre vingt
1403 1122 3441 1247 onze ; Défendeur ; D’autre part ; Point de fait –
1370 1213 3414 1331 Par lettre du secrétaire du Conseil de prud’hommes du département
1401 1310 3462 1422 de la Seine pour l’industrie des tissus en date des Lundi dix huit et mardi
1401 1404 3441 1510 dix neuf janvier mil huit cent cinquante huit les époux Akar firent
1395 1501 3420 1594 citer Forteau à comparaître pardevant le dit conseil séant en bureaux
1374 1594 3444 1689 particuliers les Mardi dix neuf et mercredi vingt janvier mil huit cent
1373 1691 3429 1773 cinquante huit pour se concilier si faire se pouvait sur la demande qu’ils
1374 1787 3455 1861 entendaient former contre lui devant le dit conseil en paiement de la somme
1392 1883 3465 1953 de cinquante cinq francs cinq centimes qu’il leur doit pour prix de travaux
1379 1969 3422 2050 faits pas la dame Akar pour son compte et d’après ses ordres. Forteau
1395 2053 3455 2141 n’ayant pas comparu la cause fut renvoyer devant le Bureau Général du
1404 2148 3470 2240 dit conseil séant le vendredi vingt deux janvier mil huit cent cinquante
1382 2240 3452 2332 huit et ajourné en huitaine au vendredi cinq février suivant
1385 2330 3467 2434 mois. Cité pour le dit jour Cinq Février Forteau comparut. A l’appel de
1379 2421 3446 2532 la cause les époux Akar se présentèrent et conclurent à ce qu’il plut au
1382 2512 3437 2629 Bureau Général dudit conseil condamner Forteau à leur payer avec
1368 2603 3458 2729 intérêts suivant la loi la somme de cinquante francs cinq centimes qu’il
1379 2686 3476 2827 leur doit pour prix de la façon de quatorze douzaines de cols-cravates
1382 2782 3468 2935 et le condamner en outre aux dépens. De son coté Forteau se présenta
