4608 3072
1116 139 3576 290 et conclut à ce qu’il plut au Bureau Général du dit Conseil attendu que
1125 265 3600 390 la dame Akar lui a conseillé de faire confectionner les cols qu’il
1121 367 3618 506 achetait habituellement tout faits lui assurant qu’il en retirerait
1115 476 3612 617 un bénéfice clair ; attendu que dans les première coupes d’étoffes qui
1106 590 3633 729 lui furent données la dame Akar a retiré un douzaine de col pour
1104 709 3636 843 chacune de ces coupes ; Attendu aussi que dans les dernières elle n’en
1086 827 3630 954 retira plus que onze dans la même quantité, et que partant de là elle
1076 947 3645 1074 lui a retenu ou détruit une partie de l’étoffe à elle confiée ; Par ces motifs
1065 1058 3648 1187 Dire et ordonner que sur l’offre qu’il fait de lui payer la somme à elle
1089 1182 3648 1303 due pour les façons, somme qu’il reconnait lui devoir les époux Akar
1055 1300 2483 1393 seront tenus de lui remettre la différence
2489 1306 3659 1418 de la matière. L'étoffe existant
1064 1425 3665 1543 entre l’étoffe rendue et celle qu’ils auraient du rendre, sinon qu’ils seront
1049 1539 3663 1656 tenus de lui payer la valeur vénale, et les condamner en outre aux
1056 1659 3672 1782 dépens. Point de droit – Devait-on condamner Forteau à payer
1062 1782 3669 1896 aux époux Akar la somme de cinquante cinq francs cinq centimes pour
1035 1907 3656 2017 la façon de quatorze douzaines de cols-cravates faits par la dame Akar
1011 2027 3681 2141 pour son compte et d’après ses ordres ? Ou bien devait-on conformément
1035 2149 3681 2264 aux conclusions de Forteau dire que sur le paiement de cette somme qu’il
1011 2278 3689 2386 reconnait leur devoir les époux Akar seront tenus de lui remettre sans
1034 2408 3684 2515 lui tenir compte d’une partie de l’étoffe qui n’aurait pas été employée
1028 2529 3687 2643 à la confection de ces cols ? Que devait-il être statué à l’égard des
