4608 3072
1358 404 3666 560 dépens ? Après avoir entendu les parties en leurs demandes et conclusions
1347 520 3675 657 respectives et en avoir délibéré conformément à la loi ; attendu qu’il
1349 627 3678 759 résulte des explications des parties que la comme de cinquante cinq
1350 736 3702 868 francs cinq centimes n’est pas contestée ; que Forteau ne s’oppose au
1332 844 3696 969 paiement de cette somme qu’il pense qu’il lui parait constant que la dame
1332 956 3696 1077 Akar du lui rendre un plus grand nombre de cols par chaque
1320 1074 3708 1182 partie d’étoffe à elle confiée ; attendu qu’il résulte des explications des
1332 1189 3705 1286 parties que si Forteau donnait toujours le même métrage d’étoffe
1335 1300 3711 1385 il n’en est pas de même de la nature de cet étoffe qui se trouvait être
1320 1407 3717 1491 tant et de même largeur et souvent plus étalé ; attendu qu’il  est
1275 1521 3726 1603 constant que les époux Akar qui habitent la maison de Forteau
1292 1629 3725 1719 lui ont soumis les cols tout tracés avant de les couper lorsqu’une différence
1296 1739 3725 1840 en moins d’une partie à une autre existait ; qu’il n’ d’ailleurs fait aucune
1289 1850 3734 1953 observation pendant et même après la livraison du travail ; attendu que
1274 1958 3722 2077 la réclamation de Forteau n’est pas fondée qu’il doit en être débouté.
1299 2074 3732 2194 Par ces motifs – Le Bureau Général jugeant en dernier ressort ;
1287 2176 3732 2319 Condamne Forteau à payer au époux Akar la somme de
1299 2277 3735 2431 cinquante cinq francs cinq centimes qu’il leur doit pour
1323 2391 3744 2559 prix de travaux de la dame Akar, travaux faits pour son
1221 2496 3744 2682 compte et d’après ses ordres ; Le condamner en outre au dépens
1284 2607 3747 2809 taxés et liquidés envers les demandeurs à la somme de un franc
