4608 3072
2063 1614 2927 1709 Du dit jour cinq février
1319 1718 3908 1833 Entre madame Rose Gonzales, ouvrière, épouse assistée et autorisée
1301 1825 3890 1948 du sieur Léon Viedenloecher, et ce dernier demeurant ensemble les
1299 1943 3926 2073 dits époux, à Montmartre près Paris, rue Lévis numéro six ; Demandeurs ;
1283 2059 3953 2189 Comparant ; D’une part ; Et Madame veuve Seurat et mademoiselle
1328 2174 3950 2307 Seurat, sa fille blanchisseuse associée, demeurant  et domiciliées à Montmartre
1329 265 3792 377 vingt centimes, et à celle de soixante quinze centimes envers le Trésor
1335 377 3777 481 public pour le papier timbré de la présente minute conformément à la
1314 482 3789 586 loi du sept aout mil huit cen cinquante, ence, non compris le cout du
1314 600 3810 699 présent jugement, la signification et ses suites. Ainsi jugé
1320 716 2633 807 les jours, mois et an que dessus
