4608 3072
1323 181 3768 322 chaussée Clignancourt, numéro quarante ; Défenderesses ; Comparant
1289 295 3563 422 par la dame veuve Seurat ; D’autre part ; Point de fait –
1305 404 3764 537 Par lettre du secrétaire du Conseil de Prud’homme du Département
1310 525 3800 648 de la Seine pour l’industrie des tissus en date des samedi trente Janvier
1307 629 3806 754 et lundi premier Février mil huit cent cinquante huit les époux Viedenloecher
1305 739 3765 863 firent citer les défenderesses à comparaitre pardevant le dit conseil de
1356 849 3753 981 Prud’homme pour se concilier si faire se pouvait sur la demande qu’ils
1304 962 3804 1100 entendaient former contre elles devant le dit conseil en paiement de la somme
1320 1071 3762 1202 de cent cinquante trois qu’elles leur doivent pour prix de travaux faits
1302 1192 3735 1307 par la dame Viedenloecher pour leur compte et d’après leur ordres.
1290 1298 3825 1427 Les défenderesses n’ayant pas comparu la cause fut renvoyée devant le Bureau
1299 1421 3819 1539 Général du dit conseil séant le vendredi cinq février mil huit cent cinquante
1314 1537 3822 1652 huit. Citées pour le dit jour cinq février les défenderesses comparurent
1290 1654 3807 1769 par la dame veuve Seurat, l’une d’elles. A l’appel de la cause les époux
1275 1769 3824 1875 Viedenloecher se présentèrent et conclurent à ce qu’il plus au Bureau Général
1290 1885 3771 1988 du dit conseil condamner la veuve Seurat et la demoiselle Seurat à
1284 1996 3845 2108 leur payer solidairement et avec intérêts suivant la loi la somme de cent cinquante
1275 2113 3780 2220 trois francs qu’elles leur doivent pour prix de travaux faits pas la dame
1278 2231 3783 2340 Viedenloecher pour leur compte et sur leurs ordres et les condamner en
1277 2356 3825 2447 outre aux dépens. De son coté la veuve Seurat se présenta et déclara au
1286 2468 3837 2559 conseil qu’elle se  reconnaissent débitrice de la somme réclamée par les demandeurs.
1260 2581 3813 2664 Elle conclut à ce qu’il plut au Bureau Général du dit conseil attendu qu’elle ne
1269 2696 3824 2787 peut payer cette somme en ce miment lui accorder terme et délais. Point
1275 2819 3788 2918 de droit – Devait-on condamner la veuve et la demoiselle Seurat à
