4608 3072
1167 98 3657 263 payer solidairement aux époux Viedenloecher la somme de cent cinquante
1152 221 3654 374 trois francs pour prix de travaux faits par la dame Viedenloecher pour
1152 338 3663 481 leur compte et sur leurs ordres ? Ou bien devait-on accorder aux défenderesses
1143 456 3669 586 termes et délais pour payer cette somme qu’elles reconnaissent devoir ?
1128 567 3666 702 Que devait-on statuer à l’égard des dépens ? Après avoir entendu les
1131 684 3681 820 parties en leurs demandes et conclusions respectivement et en avoir délibéré
1149 804 3416 911 conformément à la loi , attendu qu’il est constant et reconnu
1409 928 3690 1051 que la veuve Seurat et la demoiselle Seurat sont débitrices des époux
1164 1050 3690 1164 Viedenloecher de la somme de cent cinquante trois francs pour prix de travaux
1137 1168 3702 1283 de la dame Viedenloecher ; attendu que le conseil croit dans les pièces, pour
1134 1293 3708 1402 accorder termes et délais pour payer cette somme ; que d’ailleurs les époux Viedenloecher
1128 1416 3717 1523 consentent à leur accorder des facilités de paiement. Par ces motifs – Le Bureau
1146 1542 3732 1645 Général jugeant en dernier ressort – Condamner la veuve et la demoiselle
1125 1665 3729 1762 Seurat à payer solidairement et avec intérêts suivant la loi aux époux
1122 1789 3731 1890 Viedenloecher la somme de cent cinquante trois francs qu’elles leur
1112 1915 3737 2017 doivent pour prix de travaux faits pas la dame Viedenloecher pour leur
1106 2041 3741 2153 compte et d’après leurs ordres ; Dit que cette somme sera payée comme
1163 2158 3749 2279 suit : cinquante francs le cinq mars, cinquante francs le
1134 2284 3744 2405 cinquante avril et cinquante trois francs le cinq mai mil huit
1119 2412 3747 2539 cent cinquante huit ; Dit encore que faute par elles de satisfaire à l’un
1116 2535 3756 2671 de ces paiement aux jours cidessus fixés la somme entière deviendra exigible
1122 2704 1992 2800 de suite ; Condamne les
2566 2658 3759 2786 défenderesses aux dépens taxés et
