4608 3072
2006 2025 2864 2122 Du dit jour cinq Février
1284 2117 3737 2268 Entre Monsieur Alphonse Mouiller, Tailleurs d’habits,
1260 2234 3746 2386 demeurant et domicilié à Paris, rue Saint Honoré, numéro trois cent
1235 2351 3767 2511 quarante huit ; Demandeur ; Comparant ; D’une part ; Et Monsieur
1290 2466 3756 2629 Vercruitz, ouvrier tailleur, demeurant à Paris, rue Leregattier
1251 2580 3776 2751 (ile saint-Louis) numéro deux ; Défendeur ; Comparant ; D’autre part ;
1241 2705 3779 2871 Point de fait – Par lettre du secrétaire du Conseil de Prud’homme du
1239 2822 3774 3009 Département de la Seine pour l’industrie des tissus en date du vendredi
1260 614 3641 721 liquidés envers les demandeurs à la somme de un francs vingt centimes
1268 728 3668 843 à celle de soixante quinze centimes envers le Trésor Public pour le prix du papier
1221 845 3666 957 timbré de la présente minute, conformément à la loi du sept aout mil
1208 957 3671 1072 huit cent cinquante, ence, non compris le cout du présente jugement, la
1232 1076 3698 1195 signification d’icelui et ses suites. Ainsi jugé les jour, mois et an que dessus.
