4608 3072
551 791 1190 886 Séant en Bureau
542 874 1292 969 Particulier le samedi
539 962 1289 1046 trente Janvier mil hui
522 1040 1202 1119 cent cinquante sept
554 1153 1202 1232 renvoi approuvé
1358 262 3854 407 vingt neuf janvier mil huit cent cinquante huit Mouiller fit citer
1334 370 3869 521 Vercruitz à comparaitre pardevant le dit conseil de Prud’hommes
1337 492 3899 643 pour se concilier si faire se pouvait sur la demande qu’il entendait former
1343 608 3846 750 contre lui devant le dit conseil en restitution de la somme de dix huit
1350 731 3885 869 francs trente  centimes, laquelle somme lui a été donnée en paiement d’un
1361 837 3869 978 travail qu’il devait faire qu’il n’a pas fait. A l’appel de la cause
1367 963 3885 1089 Mouiller se présenta et exposa au Conseil qu’ayant donné un habit à
1322 1083 3882 1207 confectionner à Vercruitz, et lui ayant payé le prix de la façon à
1302 1203 3918 1330 l’avance il se croit fondé à lui demander la restitution de la somme payée
1350 1325 3888 1435 (dix huit francs trente centime), puisqu’il lui a renvoyé l’habit sans être
1311 1446 3900 1552 fait. Vercruitz se présenta et exposa au Conseil que ne pouvant assurer
1290 1566 3882 1671 pouvoir terminer l’habit pour le jour fixé par son patron il préféra
1337 1686 3900 1785 le faire renvoyer non terminé quelque jour à l’avance afin qu’il puisse
1362 1806 3909 1900 faire terminer par un autre ouvrier. Il reconnut avoir à rendre une
1283 1923 3920 2019 partie de la somme touchée, mais non le tout puisqu’il a mis l’habit à
1301 2043 3900 2136 l’essayage. Le bureau Particulier fut d’avis que Vercruitz ayant mis
1308 2168 3957 2256 l’habit à l’essayage, travail estimé à six francs, il n’avait que la somme
1313 2285 3965 2377 de douze francs à remettre à son patron. Il engagea les parties à accepter
1301 2405 3914 2508 cette proposition de conciliation. Les parties n’ayant pu être conciliées
1295 2529 3948 2625 la cause fut renvoyée devant le Bureau Général du dit Conseil séant le
