3072 4608
420 359 2793 484 allouée pour cette mis à l’essayage ? Doit-on dans tous les cas lui accorder
398 467 2802 595 termes et délais pour payer la somme dont il restera redevable envers
408 572 2805 699 Mouiller ? Que doit-il être statué à l’égard des dépens ? Après avoir
401 678 2796 801 entendu les parties en leurs demandes et conclusions respectivement et en
393 786 2802 906 avoir délibéré conformément à la loi ; attendu qu’il résulte des explication
387 896 2799 1017 des parties que Wercruitz a rendu l’habit après la mise à l’essayage
378 1005 2790 1126 qu’il est d’usage et de toute équité de payer ce travail surtout si, comme
375 1114 2802 1234 dans l’espèce, l’ouvrier n’a renvoyer l’habit inachevé que pour ne pas placer
363 1223 2814 1348 son patron dans l’embarras. Attendu que le Conseil estime le travail
351 1335 2814 1458 de cette mise à l’essayage à la somme de six francs ; attendu qu’en
342 1450 2793 1565 recevant le prix de la façon d’un habit par avance Vercruitz annonce
354 1564 2787 1670 une position génée qui ne l’est pas améliorée depuis ; que dans
336 1668 2802 1791 l’espèce il y a lieu à lui accorder termes et délais pour rembourser
348 1784 2793 1899 la somme de douze francs trente centimes qu’il redoit à Mouiller.
303 1892 2811 2012 Par ces motifs – Le Bureau général jugeant en dernier ressort ;
327 2000 2781 2120 Condamne Vercruitz à payer avec intérêts suivant la loi à
342 2125 2799 2240 Mouiller la somme de douze francs trente centimes à titre de
342 2231 2793 2353 restitution d’avances reçues sur un travail qu’il n’a pas terminé.
308 2348 2795 2459 Dit qu’il paiera cette somme  en deux paiements : Le premier de six francs
326 2462 2787 2579 le quinze février mil huit cent cinquante huit et le deuxième de
336 2577 2793 2697 six francs trente centimes le vingt cinq du même mois ; Dit que
261 2694 2790 2813 faute par lui de payer la comme de six francs au jour cidessus fixé
324 2811 2813 2930 la somme entière deviendra exigible de suite ; Condamne Vercruitz
267 2924 2801 3047 aux dépens taxés et liquidés envers le demandeur à la somme de soixante
276 3038 2799 3164 centimes et à celle de soixante quinze centimes envers le Trésor Public
278 3158 2789 3276 pour le papier timbré de la présente minute, conformément à la loi
309 3275 2798 3399 du sept aout mil huit cent cinquante, ence, non compris le cout du
263 3390 2786 3515 présent jugement, la signification d’icelui et ses suites. Ainsi
302 3510 1668 3627 jugé les jour, mois et an que dessus.
