3072 4608
731 356 2720 483 par l’ouvrière dans le but unique de  se conserver la mais il ne lui
753 448 2717 572 avait été, à elle, d’aucun rapport. Le Bureau Particulier fut
750 538 2720 653 d’avis que la dame Fustenorff ne pouvant prouver le paiement de
726 625 2735 743 la somme réclamée, ni établir d’une manière constante que l’ouvrière
698 708 2711 840 travaillait gratuitement l’engagée déjà pendant la morte saison, elle
728 798 2741 927 serait tenue de payer la somme réclamée par Damourette. Cette
713 893 2717 1020 proposition de conciliation n’ayant pas été acceptée la cause fut
738 993 2762 1105 renvoyée devant le Bureau Général du dit Conseil séant  le vendredi
743 1086 2741 1194 vingt quatre Décembre mil huit cent cinquante sept et ajourné
720 1180 2753 1279 au Vendredi huit janvier mil huit cent cinquante huit. Cités
722 1276 2750 1376 pour le dit jour huit Janvier  les époux Fustenorff ne comparurent
710 1372 2747 1469 pas. A l’appel de la cause Damourette es noms qu’il ait se présenta
707 1465 2753 1550 et conclut à ce qu’il plut au Bureau Général du dit Conseil autorisé
698 1557 2765 1642 la dame Fustenorff à citer en justice faute par son mari  de l’avoir fait.
698 1653 2765 1735 Donne défaut Contre les époux Fustenorff non comparants ni personne
710 1747 2768 1830 pour eux quoi que dument appelés ; Et adjugeant le profit lescondamner
713 1840 2765 1927 à lui payer avec intérêts suivant la loi la somme de trente sept francs
716 1935 2771 2021 quarante centime qu’ils lui doivent  pour prix de travaux faits pas sa
701 2033 2777 2120 fille mineure pour leur compte et d’après leurs ordres, plus une indemnité
680 2134 2768 2215 pour le préjudice de perte de temps qu’ils lui ont fait éprouver en ne comparant
710 2232 2771 2304 pas devant les Bureaux du Conseil et les dépens. Point de Droit – Devait
713 2327 2783 2394 on donner défaut contre les époux Furstenorff non comparants ni personne
695 2419 2777 2496 pour eux quoique dument appelés et pour le profit adjuger au demandeur
705 2507 2787 2591 les Conclusions par lui précédemment prises ? Que devait être statué à
749 2608 2775 2686 l’égard des dépens ? Après avoir entendu Damourette en ses demandes
693 2701 2789 2783 et conclusions et en avoir délibéré Conformément à la loi ; attendu que
702 2799 2796 2879 la demande de Damourette paraît juste et fondée ; que d’ailleurs elle
696 2896 2790 2978 n’est pas contestée par les époux Fustenorff non comparants ni personne
674 2995 2790 3076 pour lui quoique dument appelés ; attendu que les époux Furstenorff ont
686 3092 2789 3175 fait perdre du temps à Damourette, ce qu’il doit réparer ; Par ces motifs –
657 3182 2736 3272 Le Bureau Général jugeant en dernier ressort autorise la dame
687 3283 2804 3371 Fusternorf a entrer en justice faute par son mari de l’avoir fait ; Donne
678 3379 2798 3470 défaut contre les époux Fustenorff non comparants ni personne
659 3478 2789 3569 pour eux quoique dument appelés ; Et adjugé le profit du dit
683 3573 2786 3676 défaut ; Condamne les époux Furstenorff non comparant ni personne
659 3672 2696 3772 pour lui quoique dument appelés à payer à Damourette la somme de
671 3779 2772 3868 trente sept francs quarante centimes qu’ils lui doivent pour prix
660 3872 2789 3967 de travaux faits par la mineure Maria Damourette pour leur
647 3964 2804 4070 compte et d’après leurs ordres, plus une indemnité  de six francs pour
665 4059 2816 4171 temps perdu ; Les condamne en outre au dépens taxé et liquidés
674 4173 2826 4290 envers les demandeurs à la somme de unfrancs quatre vingt centimes,
