3072 4608
1290 1839 1953 1921 Du dit jour huit Janvier
708 1934 2874 2032 Entre Monsieur Favier, chef d’atelier passementier, demeurant
707 2039 2841 2130 et domicilié à Paris, quai Jemmappes, numéro deux cent
698 2141 2898 2229 soixante, demandeur ; Comparant ; D’une part ; Et Monsieur
707 2237 2838 2326 Touler, fabricant de tissus, demeurant  et domicilié à Paris, rue
687 2339 2880 2424 Saint Denis, numéro soixante quatre ; Défenseur ; Comparant ;
678 2432 2841 2526 D’autre part ; Point de faits -  Par lettre du secrétaire du Conseil
681 2540 2874 2637 de Prud’homme du Département de la Seine, établi à Paris pour
660 2639 2892 2734 l’industrie des tissus, en date jeudi trois et cinq Décembre
660 2741 2877 2841 mil huit cent cinquante sept Favier fit citer Touler à comparaitre
660 2843 2898 2940 pardevant le conseil de Prud’hommes séant en Bureaux Particuliers
657 2942 2889 3033 les samedi cinq et lundi sept Décembre mil huit cent cinquante
644 3045 2919 3136 sept pour se concilier si faire se pouvait sur la demande qu’il entendait
645 3155 2835 3237 former contre lui devant le dit conseil en règlement d’un compte
659 3252 2900 3334 de travail par lui fait pour son compte et d’après ses ordres. Touler
644 3353 2931 3436 n’ayant pas comparu la cause fut renvoyée devant le Bureau Général
659 3449 2913 3547 du dit conseil séant le vendredi seize Décembre mil huit cent cinquante
620 3552 2847 3643 sept. Cité  pour le dit jour onze Décembre Touler comparut.
642 3657 2880 3754 A l’appel de la cause Favier se présenta et conclu à ce qu’il plut
627 3759 2877 3843 au Bureau Général du dit Conseil Condamner Touler à lui payer
617 3854 2871 3943 avec intérêt suivant la loi la somme de deux cent quatre vingt quinze
617 3959 2868 4044 francs cinquante centimes,, se composant de celle de cent quatre vingt
605 4061 2862 4155 quinze pour le prix de seize cent mètres de galon à raison de
621 4163 2832 4257 quinze francs les cent mètres ; celle de vingt cinq francs cinquante
558 4265 2844 4360 centimes pour le dévidage de trente quatre Kilogrammes de coton
615 4395 2742 4485 à raison de soixante quinze centimes le Kilogramme ; celle de
774 382 2889 484 et à celle de soixante quinze centimes envers le trésor public pour
773 474 2898 580 le papier timbré de la présente minute, le papier timbré , conformément à la loi du
768 563 2928 676 sept aout mil huit cent cinquante, ence,  non compris le cout du présent
774 656 2910 771 jugement, la liquidation d’icelui et  ses suites. Et vu les articles 435 du
750 750 2922 876 code de procédure civile, 27 et 42 du décret du onze juin 1809 pour signifier
759 842 2934 964 aux défendeurs le présent jugement, Commet Fontaine, l’un de ses huissiers
735 941 2552 1057 audienciers. Ainsi jugé les jour mois et an que dessus.
