3072 4608
542 308 2612 423 quinze francs pour l’ourdissage  d’un chargement ; et enfin celle de
545 404 2618 516 soixante de soixante francs, prix de quinze journées à quatre francs
527 496 2615 605 par jours, perte de temps qu’il lui a fait éprouver en la faisant
531 592 2621 701 attendre après la matière nécessaire au travail. De son coté Touler
524 688 2618 798 se présenta et exposa au Conseil qu’il s’est opposé au paiement de
524 786 2636 888 la façon des treize cent mètres de galons pour deux causes, la première
531 881 2646 979 parce que le travail est al fait. La seconde parce que le travail, fut
516 983 2634 1075 il bien fait, ne doit être payé que douze francs les cents mètres et non
521 1077 2639 1174 quinze francs comme prétend Favier. LE Bureau Général n’ayant
512 1174 2642 1271 pas les éléments nécessaires renvoya la cause par devant un fabricant
509 1273 2621 1364 passementier et ajourna au jeudi vingt quatre Décembre pour
506 1380 2639 1460 se prononcer. Le jeudi vingt quatre Décembre Touler n’ayant
468 1477 2631 1567 pas comparu le Conseil  ordonna qu’il serait cité par  huissier et
522 1576 2640 1664 ajourna la cause au vendredi huit janvier mil huit cent cinquante
465 1674 2634 1762 huit. Cité à comparaître le dit jour  huit janvier  par exploit de Fontaine
506 1777 2652 1861 huissier à Paris, en date du deux Janvier mil huit cent cinquante
498 1881 2631 1966 huit, visé pour timbre et enregistré à Paris, le quatre janvier mil
504 1977 2634 2063 huit cent cinquante huit, en délier de deux francs vingt cinq centimes
494 2104 2636 2188 folio vingt cinq case huit signé : Drevon Toulet comparut.
504 2208 2643 2285 A l’appel de la cause Favier se présenta et conclut à ce qu’il  il plut au
468 2308 2607 2386 Bureau Général lui adjuger le bénéfice des conclusions par lui
510 2404 2646 2483 précédemment prises. De son coté Touler se présenta et conclut à ce
504 2502 2649 2582 qu’il plut au Bureau Général attendu que Favier a mal executé
485 2595 2613 2683 le travail à lui confié ; que par suite de la mal façon le marchandise
506 2694 2625 2786 lui reste pour compte ; attendu que le prix du dévidage ne se paie
506 2792 2640 2887 ordinairement que soixante centimes le Kilogramme ;  qu’il a
515 2889 2649 2980 offert de payer ce prix ; attendu aussi que Favier n’a pas perdu aucun
518 2986 2654 3077 temps à attendre la matière qui lui fut toujours donnée lorsqu’il en
476 3082 2673 3185 fit la demande ; attendu qu’il  est d’usage dans la passementerie que
494 3176 2651 3278 l’oudissage du chargement est à la charge du chef d’atelier et non
480 3278 2682 3383 à celle du fabricant. Par ces motifs Décalrer Favier non  recevable
483 3377 2670 3482 en ses demandes et le condamner aux dépens. Point de droit –
480 3474 2645 3578 Devait-on condamner Touler à payer à Favier la somme de  deux
458 3562 2645 3680 cent  quatre vingt quinze francs cinquante centimes  pour travaux
491 3670 2651 3790 et indemnité de temps perdu par sa faute ? Ou bien  devait-on
498 3771 2673 3887 dire que Favier ayant mal fait ce travail n’a aucune droit à se
483 3871 2532 3988 faire payer ; que le prix de soixante centimes par kilogramme
492 3966 2676 4087 de coton dévidé lui ayant été offert, et ce prix étant le prix ordinaire
453 4059 2651 4183 pour ce travail  il ne peut en exiger plus ; que n’ayant perdu aucun
482 4161 2681 4285 temps par la faute de Touler il n’a pas droit à l’indemnisations de
491 4264 2666 4403 soixante francs qu’il réclame ? Que devait-il être statué à l’égard
