3072 4608
768 290 2946 392 des dépens ? Après avoir entendu les parties en leur demandes et
753 379 2952 489 conclusions respectivement ; Ouï pareillement le fabricant soumis
771 475 2955 586 à l’examen du travail en son rapport et e avoir délibéré Conformément
765 574 2937 682 à la loi ; Attendu qu’il est constant que Favier a fait preuve
750 676 2964 773 d’incapacité de la quelle il résulte que le travail est mal fait ; mais attendu
738 764 2970 866 que la mal façon ne rend pas la marchandise invendable ; que d’ailleurs
747 862 2892 969 il est constant que Touler n’a pas, non plus, donné les matières
744 962 2931 1067 convenables pour la confections du galon ; attendu qu’il n’est pas
753 1058 2928 1163 établi que le prix de quinze francs pour centre mètres de galon ait été fixé
756 1156 2958 1258 à l’avance ; que d’ailleurs, fut-il reconnu comme établi il y aurait
783 1258 2898 1364 lieu à le réduire à douze francs par suite de la part que Favier
807 1358 2970 1463 doit supporter pour mal façon ; Attendu que la partie de la demande
750 1465 2946 1556 de Favier, celle portant sur l’indemnité pour caus de perte de temps
819 1566 2928 1652 n’est pas fondée ; qu’il en dit être débouté ; attendu que le prix de
819 1667 2904 1758 soixante quinze centimes par kilogramme de coton dévidé n’est pas
762 1761 2937 1856 exagéré et qu’il a lieu de maintenir ainsi le prix de quinze
753 1867 2937 1955 francs pour l’ourdissage du chargement qui doit être par Touler ;
750 1967 2940 2051 Par ces motifs – Le Bureau Général jugeant en premier ressort
747 2068 2964 2153 Condamne Touler à payer à Favier la somme de cent cinquante six
744 2173 2967 2256 francs pour mille trois cent mètres de galon à raison de deux francs
746 2276 2978 2355 les cent ment mètres ; celle de vingt cinq francs cinquante centimes pour
713 2377 3008 2454 le dévidage de trente quatre Kilogrammes de coton à raison de soixante
726 2483 2988 2561 quinze centimes ; celle de quinze francs pour ourdissage du chargement ;
752 2584 2946 2663 Déboute Favier de sur plus de sa demande ; Dit les dépens
704 2683 3003 2769 compensés entre les parties. Condamne les parties à payer par moitié
711 2786 2922 2871 et solidairement au Trésor Public la somme de deux francs
698 2891 2945 2978 cinq centimes pour le papier timbré de la présente minutes ; le papier
677 2995 2958 3087 timbré et l’enregistrement de la citation, conformément à la loi
741 3097 2955 3195 du sept aout mil huit cent cinquante, ence, non compris le
698 3194 2943 3293 cout du présent jugement, la signification d’icelui et de ses suites. Ainsi
716 3323 1949 3406 jugé les jour, mois et an au dessus.
