3072 4608
1181 267 1916 340 Du dit jour huit Janvier
545 354 2597 452 Entre Madame Victoire Buisset, épouse assistée et autorisée du
537 445 2603 544 sieur Monterme, et ce dernier la dite dame brodeuse, demeurant
528 539 2610 636 et domicilié ensemble, les dits époux, à Paris, rue des juges consuls,
527 638 2589 730 numéro trois ; Demandeur ; Comparant ; D’une part ;
527 736 2588 826 Et Monsieur et madame Brick, le dit sieur Brick, tant
525 829 2604 921 en son noms personnel que pour assister et autoriser la dame son épouse
510 929 2616 1018 ouvrière brodeuse, demeurant  ensemble les dits époux, à Passy,
498 1027 2622 1118 Boulevard Beauséjour,, numéro trente; Défenseur ; Comparant
506 1126 2474 1207 par le sieur Brick ; D’autre part ; Point de faits -
513 1217 2613 1306 Par lettres du secrétaire du Conseil de Prud’homme du Département
510 1315 2601 1402 de la Seine, établi à Paris pour l’industrie du tissus, en date des
495 1416 2607 1499 dix huit et vingt une Décembre mil huit cent cinquante sept les
494 1515 2586 1599 époux Monterme firent citer les époux Brick à comparaitre
489 1610 2622 1696 pardevant le dit conseil de Prud’hommes séant en Bureaux Particuliers
474 1705 2622 1805 les lundi vingt un et samedi vingt trois Décembre mil huit cent
459 1800 2616 1901 cinquante sept pour se concilier si faire se pouvait sur la demande
447 1903 2616 1999 qu’ils entendaient former contre eux devant le dit conseil en remboursement
489 1998 2616 2096 de la somme de deux francs avancés à la dame Brick sur le prix d’un
471 2097 2613 2197 travail qu’elle devait faire et qu’el n’a pas fait et en restitution d’une
459 2193 2556 2294 mantelet de tafetas noir que la dame Birck s’était chargée de
483 2299 2588 2402 broder pour le compte de Madame Monterme. Les époux
465 2390 2589 2497 Brick n’ayant pas comparu la cause fut renvoyée devant le
443 2482 2607 2602 Bureau Général du dit conseil séant le Jeudi vingt quatre
444 2583 2621 2704 décembre mil huit cent cinquante huit. Cités à comparaitre
453 2682 2631 2803 huit janvier mil huit cent cinquante huit. Cités à Comparaître
459 2781 2621 2912 le dit jour huit janvier par explois de Fontaine, huissier à Paris , en
468 2881 2621 3020 date  du deux Janvier mil huit cent cinquante huit, visé pour timbre
440 2988 2618 3122 et enregistré à Paris, le quatre Janvier mil huit cent cinquante huit,
449 3093 2607 3223 en délier de un francs vingt cinq centimes, folio vingt cinq, case cinq
443 3187 2592 3325 verso, signé : Drevon les époux Brick Comparant par  le sieur
441 3296 2625 3427 Brick. A l’appel de la cause les époux Monterme se présentèrent
438 3387 2616 3541 et concluent à ce qu’il plus au Bureau Général du dit Conseil
428 3479 2616 3640 Condamner solidairement les époux Brick à leur payer la somme
429 3580 2622 3740 de deux francs pour autant qui a été avancé à la dame Brick pour
434 3685 2609 3841 un travail qu’elle n’a pas fait ; Dire et condamner que dans le jour
446 3783 2621 3938 du jugement à intervenir les époux Brick seront tenus de leur
408 3879 2624 4042 restituer un mantelet de tafetas que madame Brick s’était
426 3981 2621 4139 chargée de broder, sinon et faute par eux de se faire dans le dit
428 4083 2621 4240 jour les condamner dès à présent à lui payer avec intérêts suivant
416 4182 2621 4349 la loi  la somme de vingt cinq francs pour la valeur du dit mantelet
