3072 4608
726 326 2805 407 et les condamner en outre aux dépens. De son coté Brick se présenta
756 418 2825 497 et conclut à ce qu’il plut au Bureau Général  du dit conseil attendu
747 508 2847 588 que le mantelet dont d’agit a été donné à sa femme pour le broder
747 606 2844 679 en lui disant qu’il n’était pas nécessaire de se presser ; que le prix
747 694 2829 774 de façon a été fixé à deux huit francs  parce qu’elle pouvait le
756 783 2814 865 faire à son temps perdu pour le rendre en Mars ou en avril prochain
740 874 2799 959 que d’ailleurs ils se sont offert à le rendre inachevé, moyennant le
749 970 2826 1058 prix de  neuf francs pour ce qui était brodé ; attendu qu’ils offrent
774 1064 2774 1151 encore aujourd’hui de terminer et livrer le mantelet dont
768 1153 2816 1241 s’agit en leur laissant le temps nécessaire pour l’achever ;
743 1247 2765 1336 attendu aussi que la somme de deux francs que les époux
755 1344 2814 1429 Monterme prétendent avoir avancés à la dame Brick sur un
755 1434 2792 1521 travail à faire lui a été donné comme à compte sur un travail
746 1525 2699 1615 fait et pour lequel ils lui redoivent encore, celle de sept francs
758 1619 2840 1705 cinquante centimes. Par ces motifs – Déclarer  les époux Monterme
744 1709 2804 1802 non recevable en leurs demandes et les condamner aux dépens.
764 1814 2786 1895 Point de droit – Devrait-on condamner les époux Brick à
734 1919 2832 1996 payer aux époux Monterme la somme de deux francs, somme
762 2012 2822 2091 avancée à la dame Brick sur un travail qu’elle devait faire
756 2108 2820 2189 et ne fit pas. Dire et ordonner que dans le jour du jugement
743 2206 2826 2281 à intervenir les époux Brick seront tenus de remettre aux
750 2306 2847 2378 époux Monterme un mantelet en tafetas noir qu’ils ont confiés
755 2404 2799 2480 à la dame Brick pour le broder, sinon et faute par eux de ce
732 2504 2840 2576 faire les condamner à leur payer la somme de  vingt cinq francs
746 2601 2843 2673 pour leur en tenir lieu ? Ou bien devait-on accorder aux époux
749 2694 2855 2766 Brick un délai pour terminer le mantelet  dont s’agit ; en
755 2790 2817 2862 conséquence déclarer les époux Monterme  non recevables en
762 2881 2874 2957 leurs demandes ? Que devait-il être statué à l’égard des dépens
761 2978 2880 3059 après avoir entendu les parties en leur dires et conclusions respectivement
711 3073 2843 3151 et en avoir délibéré conformément à la loi ; attendu qu’il est constant
737 3172 2888 3247 que la dame Brick a reçu  la somme de deux francs à titre d’avance
731 3274 2855 3349 sur travail ; attendu que les époux Monterme ne s’opposent
756 3372 2849 3448 pas à accorder un nouveau délai pour terminer le mantelet
749 3465 2903 3538 confié à la dame Brick ; attendu qu’il paraît constant que le
744 3560 2898 3637 prix de la broderie du mantelet a été fixé à quinze francs, déduction
762 3656 2811 3736 à faire de la soie employé pour la broderie ; Par ces motifs
722 3755 2868 3838 Le bureau Général jugeant en dernier ressort  - Dire et
744 3853 2897 3932 ordonne que les époux Brick seront tenus de remettre avant
753 3946 2813 4034 le dix janvier courant aux époux Monterme le mantelet
750 4057 2852 4139 que la dame Brick  ; Fixe à quinze francs le prix
747 4162 2909 4256 de la broderie du dit mantelet déduction à faire du prix de
