3072 4608
1128 1734 1838 1807 Du dit jour huit Janvier
531 1813 2553 1927 Entre Mademoiselle Augustine Bourguignon, fabricante de
513 1912 2553 2017 fleurs artificielles, demeurant et domiciliée à Paris, rue
516 2003 2535 2110 neuve saint Denis, numéro vingt trois ; Demanderesse ;
512 2093 2442 2205 Comparant ; D’une part ; Et primo. Madame
527 2189 2493 2302 veuve Baucher, agissant au nom et comme
503 2282 2544 2407 l’administration de la personne et des biens de sa fille
498 2374 2511 2504 Augustine Baucher, apprentie, demeurant la dite dame
498 2468 2538 2597 à Paris, rue de Denain, numéro vingt deux ; secondo :
498 2561 2543 2699 Monsieur Lavoisier, demeurant à Paris, rue de Denain, numéro
501 2659 2526 2791 vingt deux agissant au nom et s’étant porté fort de la
483 2752 2532 2887 dame veuve Baucher ; tertio : Monsieur et Madame
504 2852 2529 2989 Eudeline, le dit sieur Eudeline tant en son nom  personnel que
471 2953 2526 3082 pour assister et autoriser la dame son épouse, fabricante de
464 3048 2540 3189 fleurs artificielles, demeurant et domiciliés, ensemble, à Paris,
477 3143 2546 3288 rue de Lafayette, numéro soixante cinq, appelés en responsable
465 3243 2525 3382 des dommages et intérêts comme ayant reçu l’apprentie en
471 3335 2495 3475 préjudice de la demoiselle Bourguignon ; Défenseurs ;
431 3423 2528 3573 Comparant ; D’autre part ; Point de droit -  Par lettre
461 3527 2543 3671 du secrétaire du Conseil de Prud’homme du Département
432 3619 2543 3766 de la Seine, pour l’industrie du tissus, en date du vingt novembre
450 3711 2537 3865 mil huit cent cinquante sept la demoiselle Bourguisnon fit
443 3801 2537 3960 citer la dame veuve Baucher, ès nom qu’elle agit à Comparaitre
434 3897 2501 4058 pardevant le dit Conseil séant en Bureau particulier le samedi
443 4002 2522 4158 vingt un novembre mil huit cent cinquante sept pour se concilier,
434 4110 2537 4283 si faire se pouvait sur la demande qu’elle entendait faire contre
570 341 2568 456 la soie qui sera employée pour la broderie et la somme de deux
531 436 2556 542 francs que la Brick a touchée par avance ; Condamné
570 523 2547 626 les époux Brick au dépens taxé et liquidés envers les demandeurs
555 619 2550 717 à la somme de cinq francs quarante deux centimes, et à celle deux
549 710 2562 818 francs envers le Trésor Public pour le papier timbré de la présente
555 802 2544 903 minute, le papier timbré et l’enregistrement de la citation conformément
549 897 2559 994 à  la loi du sept aout mil huit cent cinquante, ence, non compris
552 991 2553 1088 le cout du présent jugement, la signification d’icelui et ses suites. Ainsi
527 1086 1694 1158 jugé les jour, mois et and qui dessus.
