3072 4608
677 275 2772 369 elle devant le dit conseil en exécution de convention verbale d’apprentissage
692 365 2741 452 ou en paiement d’une indemnité. La demoiselle Bourguignon se
666 462 2747 542 présenta et exposa au Conseil que suivant Convention verbale
684 543 2711 635 d’apprentissage en date du quinze mars mil huit cent cinquante
687 638 2732 727 sept le veuve Baucher a placé sa fille mineure Augustine chez elle
678 735 2712 819 pour deux années à partir du dit jour : que pendant toute la durée
680 825 2780 910 de la première année le travail de l’apprentie ne devait pas être rétribué
666 917 2732 997 mais qu’elle devait lui payer la somme de cinquante centime par
686 1015 2670 1089 chaque jour de travail pendant la deuxième et dernière année ;
671 1100 2729 1179 Qu’après sept mois d’exécution la dame veuve Baucher lui avait
671 1196 2765 1275 retiré l’apprentie sans aucun motif – Le sieur Lavoisier se présenta
681 1288 2730 1362 au nom de la dame Baucher pour laquelle il déclara se porter fort
687 1376 2775 1470 et exposa au Conseil que l’apprentie a été placée chez la demanderesse
672 1463 2745 1552 pour deux années ; que lorsqu’on lui confia la Direction de
660 1560 2763 1651 la jeune personne sa mère la croyait  mariée, mais qu’ayant depuis
627 1654 2757 1740 apris qu’elle vivait en concubinage, et ayant d’ailleurs à lui reprocher de
648 1737 2796 1851 laisser tenir par ses ouvrières et dans ses ateliers des propos qu’une
672 1844 2760 1929 jeune personne ne  peut entendre on la lui avait retirée – Le Bureau
680 1941 2721 2028 Particulier après avoir entendu les parties dut d’avis que la veuve
660 2030 2781 2131 Baucher devait faire rentrer sa fille dans les atelier de sa patronne,
663 2136 2742 2238 sinon qu’elle serait tenue, sous la garantie de monsieur Lavoisier,
659 2229 2664 2323 à lui payer la somme de deux cent francs à titre d’indemnité.
627 2327 2751 2422 Les parties ayant accepté cette proposition de conciliation la cause
653 2424 2781 2521 fut Conciliée. La veuve Baucher n’ayant pas rempli les conditions
647 2514 2781 2632 de la conciliation fut de nouveau appelée à comparaitre par devant
623 2606 2727 2721 le Bureau Particulier du Conseil séant le mardi cinq janvier
621 2705 2769 2820 mil huit cent cinquante huit. A l’appel de la cause la demoiselle
612 2804 2720 2905 Bourguignon demande paiement de la somme de deux cent
618 2909 2778 3021 francs à titre d’indemnité, se fondant sur ce que la veuve Baucher
636 3011 2736 3117 n’a pas renvoyé sa fille aussitôt après la conciliation du vingt
611 3110 2742 3217 un novembre dernier. La veuve Baucher se présenta et
621 3210 2778 3325 exposa au Conseil être disposée à faire continuer l’apprentissage
627 3315 2736 3410 de sa fille et déclara ne l’avoir gardée près d’elle que pour en
606 3413 2736 3495 recevoir les soins que son état de maladie exigeait. Les parties
620 3510 2784 3600 n’ayant pas pu être conciliées la cause fut renvoyée devant le Bureau
602 3617 2775 3694 Général du dit Conseil séant le vendredi huit janvier mil huit
572 3711 2756 3793 cent cinquante huit. Cités pour le dit jour huit janvier la veuve
602 3812 2726 3885 Baucher, le sieur Lavoisier et les époux Eudeline Comparant.
611 3913 2790 3996 A l’appel de la cause la demoiselle Bourguigon conclut à ce qu’il
611 4000 2759 4088 plut au Bureau Général du dit Conseil condamner la veuve
606 4095 2750 4197 Baucher à lui payer avec intérêt suivant la loi la somme de
