3072 4608
575 271 2555 391 deux cent francs à titre d’indemnité pour cause d’inexécution de
548 369 2612 480 Convention verbale d’apprentissage ; Dire Lavoisier et les époux
545 465 2609 576 Eudeline responsables de la dite somme, le premier comme s’étant
548 561 2609 672 porté fort pour la dame veuve Baucher et les époux Eudeline
551 658 2597 762 pour avoir reçu l’apprentie sans qu’elle ai justifié de son acquis
552 755 2595 852 d’apprentissage et les condamner solidairement aux dépens. De son
551 852 2585 948 coté la dame veuve Baucher, ès nom qu’elle agit, se présenta et
552 947 2598 1041 conclut à ce qu’il plut au Bureau Général et du dit Conseil attendu
543 1043 2604 1135 qu’elle n’a pas replacé sa fille chez les époux Eudeline ; attendu aussi
546 1147 2601 1237 qu’elle offre de la faire rentrer chez la demoiselle Bourguignon et de
549 1247 2604 1334 rendre à la fin de son apprentissage le temps qu’elle a perdu par son
537 1347 2616 1432 absence. Par ces motifs déclarer la demoiselle Bourguigon non
534 1443 2586 1524 recevable en sa demander en indemnité et la condamner aux
539 1537 2607 1633 dépens. Point de droit – Devait-on condamner la veuve Baucher
545 1640 2613 1732 à payer à la demoiselle Bourguignon la somme de deux cent francs
540 1735 2610 1825 à titre d’indemnité pour cause d’inexécution de convention
528 1826 2619 1930 verbale d’apprentissage ; Dire Lavoisier et les époux Edeline
534 1921 2604 2027 responsable de la dite somme pour les motifs énoncés par la
528 2020 2613 2128 demanderesse ? Ou bien devait-on sur l’offre  que fait  la dame
527 2117 2604 2230 veuve Baucher de faire rentrer sa fille et de remplacer à la fin de
524 2210 2603 2330 l’apprentissage le temps perdu par son absence déclarer la demoiselle
518 2312 2594 2426 Bourguignon recevable en sa demande ? Que devait-on statuer
503 2402 2607 2533 à l’égard des dépens ? Après avoir entendu le parties en leur demandes
501 2498 2592 2626 et conclusions respectivement et en avoir délibéré conformément à la loi ;
503 2591 2597 2731 Attendu que la demoiselle Bourguignon ne peut être à exiger
501 2693 2594 2828 une indemnité que dans le cas ou la veuve Baucher s’opposerait à
498 2788 2598 2930 l’exécution de l’apprentissage de sa fille ; attendu qu’elle offre au
480 2887 2594 3029 contraire de la laisser continuer cet apprentissage et de rendre à la fin
504 2980 2607 3121 du dit le temps qu’elle a perdu depuis le quinze novembre dernier ;
513 3080 2609 3224 attendu que la demoiselle Bourguignon s’oppose formellement
494 3176 2582 3325 à la rentrée chez elle de l’apprentie ; que dans l’espèce d’inexécution
497 3269 2606 3422 de la convention verbale du quinze mars dernier ne provient plus
512 3364 2594 3523 du fait de la dame veuve Baucher ; qu’il n’y a lieu, dès lors, à lui
486 3460 2600 3619 faire payer une indemnité. Sur ces motifs – Le Bureau Général
489 3556 2610 3730 jugeant en premier ressort  - Dis la convention verbale d’apprentissage
471 3659 2603 3829 dont s’agit résolue par le fait de la demoiselle Bourguignon,
465 3752 2576 3919 Déboute la dite demoiselle Bourguignon de la demande en
479 3850 2579 4022 indemnité ; Condamner la demoiselle Bourguignon aux
503 3947 2582 4123 dépens tant envers les défenseurs qu’envers le Trésor Public
467 4043 2576 4225 ces derniers taxés liquidés à la somme de un franc pour le
467 4141 2588 4336 papier timbré de la présente minute ; conformément à la
