3072 4608
1452 2061 1902 2136 Audience
1647 2160 1803 2232 Du
765 2236 2859 2332 Vendredi huit Janvier mil huit en cinquante huit
762 2334 2829 2422 Siégeaient : Messieurs Larouette, vice président  du
756 2439 2672 2518 Conseil de Prud’hommes du Département de la Seine,
744 2535 2895 2621 Président d’audience en remplacement de Monsieur Biétry,
734 2637 2705 2713 président du dit conseil, empêché pour cause légitime
741 2730 2856 2808 Adolphe Michel, Marienval, Dubosc et Ancelin
743 2824 2891 2908 prud’hommes assistés de Monsieur Lecusq, secrétaire
743 2932 1271 3005 du dit conseil.
780 3108 2871 3210 Entre Monsieur Frédéric Auguste Albarède, demeurant
756 3205 2840 3310 à paris, rue notre dame de Nazareth, numéro trente cinq,
744 3298 2867 3407 agissant au nom et comme chargé de l’administration de la
737 3402 2915 3512 personne et des biens de sa fille mineure Hélène Albarède,
737 3501 2897 3616 ouvrière modiste ; Demandeur ; Comparant ; D’une
746 3596 2919 3716 part ; et Mademoiselle Desgranges, maitresse
731 3689 2894 3812 modiste, demeurant et domiciliée à Paris, rue Montorgueil,
720 3780 2850 3917 numéro quarante sept ; Défenderesse, défaillant.
725 3879 2846 4019 D’autre part ; Point de fait – Par lettres du secrétaire
737 3978 2900 4126 du Conseil de Prud’homme pour l’industrie du tissus, établi
743 4073 2897 4219 à Paris pour le Département de la Seine en date des mercredi
762 4200 2924 4340 seize et jeudi dix-neuf Décembre mil huit cent cinquante
