3072 4608
1502 1484 1974 1556 Audience
1674 1573 1806 1643 Du
866 1650 2817 1744 Vendredi quinze Janvier mil huit cent cinquante
851 1743 2855 1833 huit. Siégeant : Messieurs Biétry, officier de la légion
873 1830 2745 1923 d’honneur, Président du Conseil de Prud’hommes du
825 1913 2712 2015 Département de la Seine pour l’industrie des tissus,
824 2007 2693 2107 Pagez-Baligor, Warimier, Sentager Viceneux,
828 2101 2856 2199 Prud’hommes, assistés de Monssieur Gremotor, commis secrétaire
807 2188 1254 2267 du dis conseil.
828 2382 2796 2482 Entre Madame Adélaïde Magne, ouvrière en dentelles,
797 2475 2829 2574 Epouse assistée et autorisée du sieur Narcis Momier, et ce
791 2563 2802 2662 Dernier, demeurant et domiciliés ensemble, à Paris, rue Saint Denis,
792 2656 2778 2756 Numéro cent quatre vingt cinq ; Demandeurs, Comparant ;
791 2750 2841 2848 D’une part ; Et Madame veuve Lorther, ouvrière en dentelles
771 2841 2775 2949 à façon, demeurant et domiciliée, à Paris, rue Saint-Denis,
788 2932 2850 3040 numéro cent quatre vingt ;Défenderesse ; Défaillant ; D’autre
771 3039 2826 3132 part ; Point de fait – Par lettres du secrétaire du Conseil de
786 3133 2789 3223 Prud’homme du Département de la Seine, pour l’industrie du
791 3227 2868 3317 tissus, en date des samedi vingt six et lundi vingt sept Décembre
801 3319 2868 3416 mil huit cent cinquante sept les époux Lemann Monnier font citer
756 3412 2862 3514 la veuve Lother à comparaître par devant le dit Conseil de Prud’hommes
786 3510 2847 3608 séant en Bureau Particuliers les Lundi vingt huit et Mardis vingt
764 3613 2855 3705 neuf Décembre mil huit cent cinquante sept pour se concilier si faire
759 3712 2849 3793 se pouvait sur la demander qu’ils entendaient former contre elle devant le
783 3804 2855 3892 dit Conseil en paiement de la somme de douze francs qu’elle leur doit pour
771 3897 2855 3995 prix de travaux faits par la dame Monnier pour son compte et d’après
753 3996 2838 4090 ses ordres. La veuve Lorther n’ayant pas comparu la cause fut renvoyée
750 4093 2856 4178 devant le Bureau Général du dit Conseil séant le Vendredi huit janvier
747 4206 2792 4284 mil huit cent cinquante huit et ajournée au vendredi quinze du même
842 485 2849 579 loi du sept aout mil huit cent cinquante, ence, non compris le cout
842 570 2834 671 du présent jugement, la signification d’icelui et ses suites. Ainsi
852 656 1995 741 jugé le jour, mois et an que dessus.
