3072 4608
783 472 2640 564 mois. Citée à comparaître le dit jour quinze janvier pas exploit de Fontaine,
785 550 2633 646 huissier,à Paris, en date du onze janvier mil huit cent cinquante huit, visé
770 630 2633 727 pour timbre et enregistré à Paris le douze janvier mil huit cent cinquante
791 716 2570 809 huit, en délier de soixante dix centimes, folio trente six, case cinq,
788 799 2625 896 signé : L. DRERON la veuve Lorther ne comparut pas. A l’appel
788 885 2633 979 de la cause les époux Monnier se présentèrent et conclurent à ce qu’il
767 971 2633 1059 plut au Bureau Général du Conseil donner défaut contre la veuve
767 1061 2648 1138 Lorther non comparante ni personne pour elle quoique dument appelée et
774 1146 2646 1226 pour le profit la condamner à leur payer avec intérêts suivant la loi
785 1232 2627 1310 la somme de douze francs qu’elle leur doit pour prix de travaux faits
750 1316 2640 1397 par la dame Monnier pour son compte et d’après ses ordres, plus
774 1405 2646 1484 une indemnité pour le préjudice de perte de temps qu’elle leur a fait
759 1491 2640 1568 éprouver en ne comparaissant pas devant le Bureau du Conseil et
759 1579 2637 1654 les dépens. Point de droit – Devait-on donner défaut contre la
756 1671 2637 1745 veuve Lorther non comparante ni personne pour elle quoique dument
758 1758 2640 1829 appelée pour le profit adjuger aux demandeurs les conclusions
761 1844 2621 1911 par eux précédemment prises ? Que devait-on statuer à l’égard des
728 1935 2637 2001 dépens ? Après avoir entendu les époux Monnier en leurs demandes et
722 2022 2631 2091 conclusions et en avoir délibéré conformément à la loi. Attendu que
743 2105 2640 2189 la demande des époux Monnier paraît juste et fondée ; que d’ailleurs
744 2196 2634 2279 elle n’est pas contestées par la veuve Lorther non comparante ni personne pour
738 2282 2640 2363 elle quoique dument appelée ; attendu qu’en ne comparaissant pas devant
755 2368 2637 2447 les Bureaux du Conseil la veuve Lorther a causé aux époux Monnier
731 2453 2628 2541 un préjudice de perte de temps, ce qu’elle doit réparer ; Par ce motif –
747 2537 2637 2639 Le Bureau Général jugeant en dernier ressort ; Donne défaut contre
755 2631 2642 2724 la veuve Lorther non comparante ni personne pour elle quoique dument
752 2718 2634 2811 appelée ; et adjugeant le profit du dit défaut ; Condamne la veuve
747 2807 2636 2910 Lorther à payer avec intérêt suivant la loi aux époux Monnier la
729 2900 2645 3002 somme de douze francs qu’elle leur doit pour prix de travaux faits par la dame
735 2987 2636 3098 Monnier pour son compte et d’après ses ordres, plus une indemnité de six
722 3077 2643 3194 francs pour temps perdu ; La condamner en outre aux dépens taxés et liquidés
716 3170 2657 3299 envers les demandeurs à la somme de deux francs quarante six centimes, et a celle de
731 3258 2648 3389 un franc quarante cinq centimes envers le Trésor Public pour le papier timbré de la présente minute,
711 3345 2657 3476 le papier timbré et l’enregistrement de la citation,
683 3431 2645 3570 conformément à la loi du sept aout mil huit cent cinquante, ence, non compris le
696 3523 2657 3662 cout du présent jugement, la signification d’icelui et ses suites. Et vu les articles 435 du
705 3613 2643 3756 code de procédure civile, 27 et 42 du décret du douze juin 1809 pour signifier à la défenderesse
684 3701 2522 3852 le présent jugement, commet Fontaine, l’un de ses huissiers audiencier. Ainsi jugé le
702 3790 1338 3885 jour, mois et an que dessus.
