3072 4608
1440 661 2139 739 Du dit jour quinze janvier
716 732 2640 817 Entre Madame Julie Duffoux, ouvrière, épouse attestée
752 809 2663 910 et autorisée du sieur Pierer Théodore Roland, et ce
708 901 2649 991 dernier demeurant ensemble, les dits époux, à Lachapelle
722 989 2628 1075 Saint Denis, rue du bon puits, numéro huit ; Demandeur ;
738 1066 2664 1165 Comparant ; D’une part ; Et Monsieur Thiébault,
705 1158 2613 1247 frangeur de châles, demeurant, et domicilié, à Paris,
717 1245 2616 1331 rue du grand saint Michel, numéro vingt quatre ;
711 1330 2526 1409 Défendeur ; Comparant ; D’autre part ;
710 1418 2616 1496 Point de fait – Par lettres du secrétaire du Conseil
705 1503 2517 1586 de Prud’homme du Département de la Seine,
696 1589 2538 1674 établi à Paris, pour l’industrie du tissus, en date des
699 1679 2652 1767 Mardi cinq et Lundi six Janvier mil huit cent cinquante
699 1768 2556 1838 huit les époux Roland firent citer Thiébault à
699 1848 2634 1932 comparaître par devant le dit Conseil de Prud’hommes séant
672 1941 2610 2017 les mercredi six et samedi neuf Janvier mil huit cent
680 2025 2601 2101 cinquante huit pour se concilier si faire se pouvait sur
666 2106 2630 2190 la demander qu’ils entendaient former contre eux devant
692 2202 2601 2274 le dit Conseil en paiement de la somme de trente six francs
696 2293 2610 2369 qu’il leur doit pour prix de travaux faits par
686 2380 2586 2469 la dame Roland pour son compte et d’après ses ordres.
687 2471 2610 2562 Thiébault n’ayant pas comparu la cause fut renvoyée
686 2558 2628 2654 devant le Bureau Général du dit Conseil séant le vendredi
680 2650 2577 2746 quinze Janvier mil huit cent cinquante huit. Cité par
699 2737 2637 2837 lettre du secrétaire du conseil en date du samedi neuf janvier
672 2821 2610 2923 mil huit cent cinquante huit à comparaitre, le dit jour
663 2914 2625 3022 quinze janvier Thiébault comparut. A l’appelle de la cause
641 3012 2634 3117 les époux Roland se présentèrent et conclurent à ce qu’il plus
654 3106 2622 3205 au Bureau Général de du dit Conseil donne défaut contre
654 3190 2643 3296 condamner Théibault à leur payer avec intérêt suivant
654 3277 2639 3394 la loi la somme de trente six francs cinq centimes qu’il
650 3377 2636 3494 leur doit pour prix de travaux faits par la dame Roland
659 3476 2649 3590 pour son compte et d’après ses ordres, et le condamner en
657 3566 2625 3668 outre aux dépens. De son coté Thiébault se présenta et
645 3654 2630 3768 conclut à ce qu’il plut au Bureau Général du dit Conseil
647 3756 2633 3862 attendu qu’il se reconnaît débiteur des époux Roland de
653 3851 2651 3959 la somme par eux réclamé ; attendu qui ne pouvant la payer
623 3940 2595 4046 d’une seule fois il a offert de donner la somme de vingt
626 4038 2649 4134 francs à compte, ce qu’il fut refusé ; attendu qu’il lui est
647 4129 2646 4222 de toute impossibilité de payer la somme en une seule
648 4223 2627 4322 fois et qu’il offre encore de payer pas à compte. Par ces
