3072 4608
732 437 2865 597 – lui accorder termes et délais pour payer. Point de Droit –
714 535 2856 692 Devait-on condamner Thiébault à payer aux époux Roland
720 633 2859 789 la somme de tente six francs cinq centimes qu’il leur doit
705 727 2847 891 pour travaux de la dame Roland ? Ou bien devait-on
699 835 2826 983 prendre en considération la mauvaise position dans laquelle
690 928 2823 1087 Thiébault se trouve, considérant la bonne volonté dont
693 1023 2856 1190 il a fait preuve lui accorder termes et délais pour payer cette
693 1127 2820 1289 somme ? Que devait-t-il être statué à l’égard des dépens ?
687 1220 2817 1390 Après avoir entendu les parties en leurs demandes et conclusions
669 1320 2793 1489 respectivement en avoir délibéré conformément à la loi ;
681 1417 2805 1589 attendu qu’il est constant et reconnu par Thiébault qu’il
669 1522 2793 1688 est débiteur des époux Roland de la somme de trente six
678 1621 2772 1786 francs cinq centimes pour prix de travaux de la dame
654 1723 2733 1883 Roland ; attendu que Thiébault ne s’oppose pas au
633 1807 2784 1995 paiement de cette somme non contestée ; qu’il est reconnu
624 1910 2781 2099 qu’il a déjà offert vingt francs à compte ; que dans
630 2011 2772 2198 il y a lieu à lui accorder les termes et délais pour payer.
603 2111 2763 2303 Par ces motifs – Le Bureau Général jugeant en
654 2215 2765 2401 dernier ressort –Condamner Thiébault à payer avec
654 2311 2756 2500 intérêt suivant la loi aux époux Roland la comme de
638 2405 2756 2604 trente six francs cinq centimes qu’il leur doit pour prix de
611 2505 2741 2712 travaux de la dame Roland ; Dit que cette sera par lui payé
624 2607 2744 2813 en deux terme : vingt francs le vingt deux Janvier et seize
630 2706 2730 2909 francs cinq centimes le vingt Février mil huit cent cinquante
603 2800 2703 3021 huit ; Dis encore que faute par lui de payer la premier de ces
615 2910 2717 3114 sommes le tout deviendra exigible de suite ; Condamner Thiébault
603 3008 2699 3222 aux dépens taxés et liquidés envers les demandeurs à la somme de
587 3105 2706 3327 quatre vingt dix centimes, et à celle de soixante quinze centimes en vers
594 3209 2694 3435 le Trésor Public pour le papier timbré de la présente minute,
581 3311 2712 3536 conformément à la lois du sept aout mil huit cent cinquante,
591 3400 2681 3637 ence non compris le cout du présent jugement, la signification
566 3502 2675 3741 d’icelui et ses suites. Ainsi jugé les jour, mois et an que dessus.
