3072 4608
1458 335 2256 409 Du dit jour quinze Janvier
837 413 2951 505 Entre monsieur Claude françois Fortin, chef d’atelier, demeurant
803 505 2949 603 Et domicilié à Bagnolet près Paris, rue du Coq français, numéro
804 598 2921 697 huit ; Demandeur ; Comparant ; D’une part ; Et monsieur
818 693 2934 795 Jean Clavière, agissant au nom et comme chargé de l’administration,
797 789 2931 883 Des biens et de la persosnne de son fils mineur Louis Clavière appranti,
807 882 2922 979 Demeurant le dit sieur Clavière, rue des Pavillons, numéro vingt
797 979 2888 1068 A Belleville ; Défendeur ; D’éfaillant ; D’autre part ; Point
804 1068 2934 1167 De fait ) Par lettre du secrétaire du Conseil de Prud’hommes du
786 1160 2898 1258 Département de la Seine pour l’industrie des tissus, en date du
786 1259 2910 1356 Samedi neuf janvier mil huit cent cinquante huit Fortin fit citer
800 1354 2835 1447 Clavière ès nom qu’il agit, à comparaître pardevant le Conseil de
806 1444 2910 1548 Prud’hommes séant en bureaux particuliers le lundi onze janvier
792 1540 2901 1645 Mil huit cent cinquante huit pour se concilier si faire se pouvait
798 1630 2874 1737 Sur la demande qu’il entendait former contre lui devant le dit conseil
782 1730 2909 1841 En éxécution de convention verbale d’apprentissage consentie pour
780 1828 2919 1937 son fils  Louis en juillet il huit cent cinquant cinq. A l’appel
768 1924 2913 2038 de la cause Fortin se présenta et exposa au Conseil que suivant
782 2014 2901 2134 convention verbale en date de juillet mil huit cent cinquante cinq
782 2110 2910 2231 Clavière placa chez lui son fils louis, alors agé de neuf ans et demi
767 2207 2898 2323 en qualité d’apprenti ouvrier Chalier ; La durée de l’apprentissage
747 2302 2919 2426 était fixée jusqu’au jour ou l’apprenti arait atteint sa dix huitième
765 2404 2913 2525 année, à la charge par lui, Fortin de le nourrir, loger, blanchir,
773 2501 2892 2624 entretenir de tous vêtement et de lui faire faire sa première
747 2599 2862 2722 communion ; quel jour de l’an dernier l’ayant renvoyé
756 2702 2892 2819 remplir ses devoirs envers son père celui-ci le garda près de lui
761 2795 2891 2921 et se refusa à le lui renvoyer malgré les incistance qu’il fit
755 2898 2916 3024 à cet effet. De son coté Clavière ès qualité qu’il agit, se présenta
747 2993 2922 3114 et explosa au Conseil que, bien qu’il n’a pas contracté pour laisser
744 3088 2877 3212 son fils en qualité d’apprentissage jusqu’à l’âge de dix huit ans, il
752 3181 2886 3310 ne l'a pas gardé près de lui pour ne pas le renvoyer chez son patron
758 3284 2862 3406 mais pour lui donner des soins, l'enfant s'étant déclaré malade
747 3377 2876 3502 que l'ayant fait visiter pas un médecin celui-ci avait déclaré
747 3476 2906 3608 que l'état lui était nuisible ; que du reste il a beaucoup à reprocher
746 3572 2865 3689 à Fortin sur la manière dont il nourrit son fils. Interrogé par
734 3671 2895 3793 les membre composants le Bureau Particulier l'apprenti déclara se lever
743 3761 2882 3890 à six heure le matin en été, à sept heure en Iver, manger la soupe
741 3857 2852 3980 à onze heure le matin à dîner à quatre heures de l'après midi.
746 3956 2879 4078 Le bureau Particulier fut d'avis que Clavière devait faire rentrer son fils
734 4054 2852 4175 chef Fortin pour y continuer son apprentissage jusqu'à l'age de
729 4148 2865 4294 seize ans seulement, cette durée lui paraissant suffisente. Et engager
