4608 3072
1188 329 3686 447 en outre Fortin à donner la soupep à ll'apprenti vers les huit ou neuf
1187 431 3668 546 heures du matin et à lui donner un repas de plus dans la jouréne.
1175 537 3689 668 Il fut d'avis que pour le cas ou Clavière ne fesait pas rentrer son
1175 645 3692 778 fils de suite chez fortin il serait renu de lui payer la somme
1163 750 3650 884 de Cinquante francs à titre d'indemnité. Les propositions
1188 863 3683 993 de conciliation n'ayant aps été executées par Clavière, Fortin
1166 979 3692 1108 le fit de nouveau appeler devant leBureau particulier séant
1182 1089 3686 1226 le mercredi treize janvier mil huit cent cinquante huit
1179 1210 3704 1336 Clavière n'ayant pas comparu la cause fut renvoyée devant
1179 1319 3698 1446 le Bureau Général du dit Conseil séant le vendredi quinze
1157 1437 3710 1565 janvier mil huit cent cinquante huit. Cité pour le dit jour
1166 1550 3725 1686 quinze janvier Clavière ne comparut pas. A l'appel de la cause
1151 1671 3764 1805 Fortin se présenta et conclut à ce qu'il plut au bureau Général du
1178 1784 3743 1917 dit conseil donner défaut contre clavière ès nom qu'il agit, non
1158 1904 3743 2031 comparant ni personne pour lui quoique dument appelé et pour le profit
1172 2021 3755 2150 Dire et ordonner que dans le jour du jugement à intervenur Clavière
1160 2142 3788 2276 sera tenu de faire rentrer son fils dans ses ateliers pour y continuer son
1160 2259 3773 2399 apprentissage, sinon faute par lui de ce faire dans le dit jour et icelui
1157 2379 3783 2523 passé le condamner dès à présent à lui payer avec intérêts suivant la
1136 2510 3764 2648 loi la somme de cinquante francs à titre d'indemnité du préjudice
1149 2642 3866 2767 que lui cause la rupture de l'apprentissage, et le condamner en outre aux
1149 2754 3774 2885 dépens. Point de droit - Devait-on donner défaut contre Clavière
1125 2880 3755 3015 non comparant ni personne pour lui quoique dument appelé et
