4608 3072
1244 930 3644 1052 pour le profit adjuger au demandeur les conclusion par lui précedemment
1241 1043 3653 1166 prises ? Que devait-on statuer à l'égard des dépens ? Après avoir entendu
1259 1151 3650 1264 Fortin en ses demandes et conclusions et en avoir délibéré conformément
1235 1276 3665 1394 à la loi ; attendu que la demande de Fortin parait juste et fondée ; que
1232 1386 3665 1507 d'ailleurs elle n'est pas contestées par Clavière non comparant ni personne
1208 1497 3671 1623 pour lui quoique dument appelé ; Par ces motif - Le Bureau Général
1193 1614 3677 1735 jugeant en premier ressort = Donne défaut contre Clavière non comparant
1178 1718 3686 1846 ni personne pour lui quoique dument appelé ; Et adjugeant le
1202 1836 3707 1968 profit du dit défaut ; Dit et ordonne que dans le journée
1223 1952 3683 2082 du présent jugement Clavière sera tenu de faire rentrer son
1202 2069 3710 2193 fils Louis Clavière dans les atelier de Fortin ou il devra rester
1190 2190 3725 2316 en qualité d'apprenti jusqu'à l'âge de seize ans, sinon et faute par
1223 2309 3677 2435 lui de ce faire dans le jour et icelui passé le condamner
1211 2423 3749 2547 dès à présent à payer à Fortin la somme de cinquante
1193 2540 3750 2678 francs avec intérêts suivant la loi à titre d'indemnité pour
1179 2658 3755 2798 inéxécution de convention verbale d'apprentissage ; Condamner
1200 2777 3776 2910 Clavière aux dépens taxés et liquidés envers le demandeur à la
1209 2940 3736 3051 Somme de un franc quatre vingt centimes, et à celle de
