4608 3072
582 1025 4134 1159 soixante quinze centimes envers le Trésor Public pour le papier timbré de la
542 1192 4173 1312 présente minute, conformément à la loi du sept aout mil huit cent cinquante,
554 1333 4097 1457 ence, non compris la cout du présent jugement, la signification d'icelui et
588 1498 4179 1620 ses suites. Et vu les articles 435 du code de procédure, 27 et 42 du décret
548 1653 4178 1782 du onze juin 1809 pour signifier au défendeur le présent jugement, commet
558 1808 4152 1944 Fontaine, l'un de ses huissier audienciers. Ainsi jugé les jours, mois et
521 1986 1293 2122 ans que dessus.
