4608 3072
1040 1072 1586 1136 Séant en Bureaux
1034 1148 1637 1216 Particuliers les mardi
1028 1223 1544 1285 douze et mercredi
1010 1294 1580 1371 treize janvier mil
1010 1369 1619 1449 huit cent cinquante
1004 1446 1622 1530 huit pour se concilier
1005 1534 1598 1607 si faire se pouvait
1010 1604 1628 1687 sur la demande qu'elle
1014 1684 1637 1755 entendait former contre
1019 1773 1178 1822 elle
1034 1853 1604 1908 renvoi approuvé
2262 436 2916 526 Du dit jour quinze janvier
1668 509 3669 623 Entre Mademoiselle Marghen, ouvrière, demeurant
1665 605 3687 713 à Paris, rue d’Arras, numéro neuf ; Demanderesse ; Comparant ;
1659 698 3696 803 D’une part ; Et Madame veuve Montré, lingère, demeurant
1671 791 3705 891 et domiciliée à Paris, rue du Parc Royal, numéro sept ; Défenderesse ;
1647 881 3702 975 Comparant ; d’autre part ; Point de fait - Par lettres du secrétaire
1658 973 3689 1062 du Conseil de Prud’homme du Département de la Seine, pour
1667 1066 3693 1149 l’industrie du tissus, en date à Paris des Lundi onze et Mardi
1664 1158 3684 1242 douze Janvier mil huit cent cinquante huit la demoiselle
1668 1250 3696 1336 Marghen fit citer la veuve Montré à comparaître par devant le
1668 1343 3717 1431 dit Conseil de Prud’hommes en paiement de la somme de six francs soixante quinze
1673 1444 3708 1518 centimes pour prix de travaux par elle faits pour son compte et d’après
1667 1537 3696 1606 ses ordres. La veuve Montré n’ayant pas comparu la cause fut
1677 1624 3750 1711 renvoyée devant le Bureau Général du dit Conseil séant le vendredi
1652 1718 3737 1810 quinze Janvier mil huit cent cinquante huit. Cité pour le dit jour
1667 1822 3752 1900 quinze janvier la veuve Montré comparut. A l’appel de la cause
1683 1910 3693 1993 la demoiselle Marghen se présenta et conclut à ce qu’il plus au
1670 2010 3713 2094 Bureau Général du dit Conseil condamner la veuve Montré à
1665 2113 3758 2193 lui payer avec intérêts suivant la loi la somme de six francs soixante
1637 2206 3725 2296 quinze centimes qu’elle lui doit pour la façon d’une chemise par
1649 2302 3764 2391 elle fait pour son compte et d’après ses ordres, plus une indemnité
1631 2401 3755 2489 pour le préjudice de perte de temps qu’elle lui a fait éprouver devant
1656 2493 3770 2590 les Bureaux du conseil et les dépens. De son coté la veuve Montré
1656 2596 3764 2681 se présenta et conclut à ce qu’il plut au Bureau Général du dit Conseil
1667 2683 3771 2780 attendu que la demoiselle Montré lui a commandé la chemise dont
1694 2773 3791 2887 elle réclame la façon ; qu’elle la lui a rendue parce qu’elle ne lui convenait
1658 2867 3782 3005 plus et pour qu’elle fut impossible pour la placer de sa clientèle
