4608 3072
1323 379 3599 562 attendu que la chemise a été rendue invendable par la demoiselle
1313 477 3590 666 qui l’a salie en la confectionnant ; Par ces motif et attendu que
1323 582 3605 761 la chemise est à sa disposition pour le prix  qu’il lui a été vendue dire
1320 681 3623 857 la demoiselle Marghen non recevable en sa demande et la condamner
1328 788 3617 962 aux dépens. Pont de doit - Devait-on condamner la veuve Montré
1338 885 3617 1065 à payer à la demoiselle Marghen la somme de six francs soixante
1340 987 3623 1173 quinze centimes pour la façon d’une chemise ? Ou bien devait-on dire
1349 1089 3626 1275 que la chemise dont la demoiselle Marche réclame la façon lui ayant
1337 1194 3617 1376 été vendue par la défenderesse il n’y a lieu à lui en payer la façon ;
1352 1304 3653 1487 En conséquence la déclarer non recevable en ses demandes ?  Que devait-
1331 1408 3662 1591 il être statué à l’égard des dépens ?  Après avoir entendu les parties en leurs
1346 1514 3674 1691 demandes et conclusions respectivement et en avoir délibéré conformément
1367 1620 3641 1798 à la loi ; attendu qu’il est constant que la demoiselle Marghen qui
1374 1732 3668 1908 depuis un certain laps de temps travaille pour la veuve Montré  lui a
1362 1832 3665 2012 commandé une chemise, ; mais attendu que résulte des explications
1365 1940 3653 2123 des parties que cette chemise à été par la veuve Montré coupé trop
1359 2047 3695 2230 étroite dans toutes ses parties, qu’il s’en suit que la demoiselle s’en est
1338 2155 3690 2345 vue forcée de la lui rendre et d’en réclamer la façon ; attendu que
1365 2265 3699 2444 la chemise n’ayant pu être acceptée par le fait de la veuve Montré
1361 2376 3725 2552 c’est à tors qu’elle refuse d’en payer le prix de façon ; attendu qu’en
1380 2484 3707 2657 ne comparaissant pas devant les Bureaux Particuliers du Conseil la
1386 2594 3716 2771 veuve Montré à fait perdre du temps à la demoiselle ; qu’elle doit
1383 2698 3685 2870 l’indemniser de cette perte ; Par ces motifs - le Bureau Général
1424 2802 3725 2981 jugement en dernier ressort - Condamne la veuve Montré à payer
