4608 3072
1119 352 3699 485 sept Albarède, ès nom qu’il s’agit, fit la demoiselle
1145 472 3780 606 Desgranges à Comparaître par devant le Conseil de Prud’hommes
1106 590 3749 729 pour l’industrie des tissus, séant en Bureau Particuliers le
1122 721 3779 844 samedi dix neuf et lundi vingt un Décembre mil huit cent
1127 844 3774 962 cinquante sept pour se concilier si faire se pouvait sur la
1143 966 3803 1088 demande qu’il entendait former contre elle devant le dit Conseil
1115 1091 3803 1206 en paiement de la somme de trente huit francs qu’elle lui doit
1112 1220 3780 1338 pour prix de travaux de sa fille. La demoiselle Desgranges
1091 1343 3800 1460 n’ayant pas comparu la cause fut renvoyée devant le Bureau
1139 1469 3809 1584 Général du dit Conseil séant le Vendredi vingt quatre
1097 1595 3788 1706 Décembre mil huit cent cinquante sept et ajourné au
1095 1721 3810 1833 vendredi huit janvier mil huit cent cinquante huit. Citée
1092 1843 3824 1958 à comparaitre le dit jour huit janvier par exploit de Fontaine,
1080 1963 3815 2082 huissier à Paris, en date du trente Décembre mil huit cent
1095 2089 3804 2211 cinquante sept. Visé pour timbre et enregistré à Paris, le
1104 2225 3828 2340 trente Décembre mil huit cent cinquante sept, en délier de
1079 2347 3816 2462 un franc trente centimes, folio vingt deux, case cinq, verso
1107 2476 3825 2592 signé : L Drevon, la demoiselle Desgranges ne comparaissant
1115 2600 3840 2729 pas. A l’appel de la cause Albarède, ès qualités qu’il agit
1097 2728 3843 2852 se présenta et conclut à ce qu’il plut au Bureau Général du
1071 2866 3798 2979 dit Conseil donner défaut contre la demoiselle Desgranges
