4608 3072
1613 1529 3662 1637 avec intérêts suivant la loi  à la demoiselle Marghen la somme de six
1622 1631 3677 1732 francs soixante quinze centimes  qu’elle lui doit pour la façon d’une chemise
1628 1724 3677 1825 plus celle de trois francs pour indemnité de temps perdu ; La condmane
1619 1819 3677 1921 en outre aux dépens taxés et liquidés envers la demanderesse à la somme
1599 1922 3693 2017 de quatre vingt centimes, et à celle de soixante quinze centimes envers
1620 2015 3693 2116 le Trésor Public pour le papier timbré de la présente minute conformément
1616 2108 3693 2216 à la loi du sept aout mil huit cent cinquante, ence, non compris le cout du
1619 2215 3701 2309 présent jugement, la justification d’icelui et ses suites. Ainsi jugé
1634 2339 2765 2415 les jour, mois, et an que dessus.
