4608 3072
2424 556 2840 638 Audience
2562 657 2679 730 du
1529 733 3806 866 Vendredi vingt deux Janvier mil huit cent cinquante huit
1490 837 3800 962 siégeant : Messieurs Larouette, vice Président du Conseil
1491 944 3791 1065 de Prud’homme du Département de la Seine pour l’industrie
1491 1043 3815 1164 des tissus. Présidant l’audience en remplacement de Monsieur
1502 1150 3791 1276 Biétry, officier de la légion d’honneur, Président du dit Conseil
1466 1260 3800 1383 empêché pour cause légitime, Devening, Trépied, Consigny
1479 1364 3696 1481 et Bichur, Prud’homme assistés de Monsieur Lecrucq
1473 1472 2411 1563 secrétaire du dit Conseil.
1502 1688 3849 1795 Entre Madame Joséphine Hagy, épouse assistée et autorisé
1475 1792 3804 1907 du sieur Georges Grad, la dite dame ouvrière, demeurant et
1463 1898 3816 2011 domiciliée à Paris, passage du Chantier numéro six, rue du faubourg
1430 2015 3813 2119 Saint Antoine, numéro soixante six ; Demandeurs ; Comparants ;
1427 2123 3834 2228 D’une part ; Et Monsieur et Madame Lemonnier, le dit sieur
1397 2242 3822 2335 Lemonnier tant en son nom personnel que pour assister et autoriser
1443 2345 3837 2443 la dame son épouse entrepreneuse de travaux de lingerie et de Gilets
1440 2458 3867 2557 en flanelle, demeurant et domiciliés, ensembles, les dits époux à Paris,
1454 2585 3861 2666 rue de Sully, numéro sept et neuf ; Défendeurs ; Défaillant ;
1430 2696 3815 2780 D’autre part ; Point de fait - Les époux Grad prétendent
1424 2810 3872 2891 qu’ils sont créanciers des époux Lemonnier de la somme de neuf francs
1497 2924 3825 3014 pour prix de travaux faits par la dame Grad pour leur compte et
