4608 3072
1650 1148 3681 1258 d’après leurs ordres. Ne pouvant se faire payer de cette somme   les époux
1650 1244 3672 1348 Grad firent citer les époux Lemonnier à comparaître par devant le
1622 1332 3671 1441 Conseil de Prud’homme pour l’industrie des tissus établi à Paris pour le
1598 1426 3681 1539 Département de la Seine séant en Bureaux Particuliers les Samedi
1611 1531 3675 1627 neuf et Lundi onze Janvier mil huit cent cinquante huit pour se concilier
1605 1625 3705 1723 si faire se pouvait sur la demande qu’il entendaient former contre eux devant
1590 1715 3681 1810 le dit Conseil en paiement de somme de neuf francs qu’ils leur doivent pour
1587 1809 3672 1903 prix de travaux faits par la dame Grad pour leur compte et d’après leurs
1595 1911 3690 1992 ordres. Les époux Lemonnier n’ayant pas comparu la cause fut renvoyée
1604 2003 3690 2089 devant le Bureau Général du dit Conseil séant le Vendredi quinze Janvier
1604 2099 3702 2185 mil huit cent cinquante huit et ajournée au vendredi vingt deux du même
1602 2198 3705 2281 mois. Cités pour le dit jour vingt deux Janvier par exploit de Fontaine,
1572 2292 3696 2380 huissier à Paris, en date du dix huit Janvier mil huit cent cinquante
1584 2391 3678 2478 huit, visé pour timbre et Enregistré à Paris, le dix neuf Janvier
1595 2490 3705 2565 mil huit cent cinquante huit en délier de un franc cinq centimes, folio
1584 2588 3708 2664 quarante trois, case huit, signé : Drevon, les époux Lemonnier ne
1571 2681 3692 2769 comparurent pas. A l’appel de la cause les époux Grad se présentèrent et
1568 2804 3698 2877 Conclurent à ce qu’il plut au Bureau Général du dit Conseil autoriser
