4608 3072
1434 333 3576 459 la dame Lemonnier à
1422 435 3585 544 entrer en justice faute par son mari de l’avoir fait ; Donner défait
1400 526 3597 646 contre les époux Lemonnier non comparants ni personne pour eux quoique
1410 635 3606 742 dument appelés. Et pour le profit du dit défaut condamner les époux
1412 738 3600 832 Lemonnier à leur payer avec intérêt suivant la loi la somme de neuf
1395 834 3612 928 francs qu’ils leur doivent pour prix de travaux faits par la dame
1434 942 3606 1032 Grad pour leur compte et d’après leurs ordres, plus une indemnité
1407 1045 3621 1130 pour le préjudice de temps qu’ils leur ont fait éprouver en ne
1421 1146 3615 1230 comparaissant pas devant les Bureaux du Conseil et les dépens.
1428 1247 3627 1328 Point de droit - Devait-on donner défait contre les époux Lemonnier
1422 1353 3624 1434 non comparant ni personne pour eux quoique dument appelés et pour
1430 1454 3633 1536 le profit adjuger aux demandeurs les conclusions par eux précédemment
1445 1556 3638 1641 prises ? Que devait-on statuer à l’égard des dépens ? Après avoir
1424 1657 3623 1743 entendu les époux Grad en leur demandes et conclusions et en avoir
1427 1760 3638 1845 délibéré conformément à la loi ; attendu que la demande des époux
1442 1862 3629 1956 Grad paraît juste et fondée ; que d’ailleurs elle n’est contestée par
1451 1967 3651 2058 les époux Lemonnier non comparants ni personne pour eux quoique dument
1433 2072 3623 2168 appelés ; attendu qu’en ne comparant pas devant les Bureaux
1448 2176 3650 2271 du Conseil les époux Lemonnier ont causé aux époux Grad un préjudice
1427 2276 3660 2381 de perte de temps, ce qu’ils doivent réparer ; Par ces motifs - Le Bureau
1439 2383 3645 2480 Général jugeant en dernier ressort - autorise la dame Lemonnier
1416 2488 3659 2583 à entrer en justice faute par son mari de l’avoir fait ; Donne défaut
1424 2590 3659 2702 contre les époux Lemonnier non comparant ni personne pour eux
1445 2696 3662 2802 quoique dument appelés ; Et adjugeant le profit du dit défaut
1412 2809 3672 2913 condamne les époux Lemonnier à payer avec intérêts suivant
1422 2908 3651 3021 la loi aux époux Grad la somme de neuf francs qu’ils leur
