4608 3072
1520 1435 3624 1516 doivent pour prix de travaux faits par la dame Grad pour leur compte
1541 1534 3612 1612 et d’après leur ordres, plus une indemnité de quatre francs cinquante
1524 1632 3618 1707 centimes pour temps perdu ; Les condamner en outre aux dépens
1518 1725 3617 1797 taxés et liquidé en vers les demandeurs à la somme de trois francs
1514 1829 3632 1909 soixante sept centimes, et à celle de un franc quatre vingt centimes
1547 1927 3620 2008 envers le Trésor Public pour  le papier timbré de la présente minutes,
1530 2020 3623 2113 le papier timbré et l’enregistrement de la citation, conformément à la
1529 2117 3633 2206 loi du sept aout mil huit cent cinquante, ence, non compris le cout du
1532 2219 3635 2311 présent jugement, la signification d’icelui et ses suites. Et vu les articles 435
1541 2315 3642 2410 du code de procédure civile, 27 et 42 du décret du onze juin 1809 pour signifier
1524 2407 3633 2512 aux défendeurs le présent jugement, commet Fontaine, un de ses huissier audiencier.
1520 2533 2856 2611 Ainsi jugé les jour, mois et an que dessus.
