4608 3072
2219 488 3068 573 Du dit jour vingt deux Janvier
1601 565 3641 680 Entre Mademoiselle Marie Maitre, demeurant à Paris, rue des
1578 658 3665 768 Bourguignons, numéro vingt neuf, agissant eu nom et comme chargé
1586 756 3672 864 de l’administration, des biens et de la personne de sa fille Marguerite
1580 848 3660 957 Maitre, apprentie ; Demanderesse ; Comparant ; D’une part ; Et
1586 939 3672 1042 Monsieur et Madame Germain, demeurant et domiciliés à Paris,
1568 1034 3674 1136 rue Meslay, numéro cinquante cinq, le dit sieur Germain tant
1572 1132 3672 1240 en son nom personnel que pour assister et autoriser la dame son épouse
1503 1234 3648 1324 fabricante de fleurs artificielles ; Défendeurs ; Défaillants ; D’autre
1575 1328 3699 1424 part ; Point de fait - Par lettre du secrétaire du Conseil de Prud’homme
1575 1427 3693 1509 du Département de la Seine pour l’industrie des tissus  en date du
1572 1519 3699 1610 Lundi dix huit Janvier mil huit cent cinquante huit la demoiselle
1574 1613 3702 1703 Maitre fit citer les époux Germain à comparaître par devant le dit Conseil
1572 1711 3711 1801 de prud’hommes du Département de la Seine pour l'industrie du tissus
1565 1810 3707 1894 séant en Bureau Particulier le Mardi dix neuf Janvier mil huit
1545 1913 3708 1993 cent cinquante huit pour se concilier si faire se pouvait sur la demande
1562 2012 3690 2087 qu’elle entendait former contre eux devant le dit Conseil en exécution
1560 2108 3726 2198 de Convention verbale d’apprentissage. A l’appel de la cause la demoiselle
1572 2206 3708 2288 Maitre, ès nom qu’elle agit, se présenta et exposa au Conseil que
1560 2311 3690 2387 suivant convention verbale en date du premier octobre mil huit cent
1557 2405 3657 2485 cinquante six  elle a placé sa fille Marguerite en apprentissage chez
1541 2507 3696 2582 les époux Germain pour deux ans et demi à partir du premier
1562 2606 3713 2681 Septembre précédent à la charge par les dits époux de la nourrir et
1563 2707 3527 2785 coucher pendant toute la durée de l’apprentissage, que les époux
1560 2800 3705 2882 Germain la lui renvoyant avant l’expiration du temps fixé et
1515 2886 3708 2981 sans qu’elle sache complètement son état lui causant préjudice
