4608 3072
1626 1326 3716 1402 grave puisque pour lui faire terminer son apprentissage par de
1643 1418 3728 1497 nouveaux patrons il lui sera infailliblement demandé beaucoup
1659 1517 3728 1593 plus de temps qu’il lui en reste à faire chez eux. Les époux Germain
1646 1608 3680 1689 exposèrent au Conseil que forcés de quitter l’industrie des fleurs
1623 1704 3735 1779 par suite du manque de travail ils ne pouvaient garder leur personnel.
1641 1802 3732 1876 Qu’en conséquence ils avaient remis la mineure Maitre à sa mère
1622 1896 3746 1977 mais que cette rupture de la convention verbale avant le temps fixé
1640 1992 3713 2080 ne pouvait que lui être avantageuse puisque l’apprentie était
1644 2088 3755 2172 couapable de travaille seule et qu’il lui était offert du travail en façon.
1679 2184 3728 2269 Le Bureau Particulier fut d’avis que les époux Germain ne
1652 2280 3773 2367 pouvant continuer à employer l’apprentie la convention verbale
1649 2375 3737 2473 d’apprentissage pouvait être résiliée moyennant le paiement
1611 2463 3752 2566 d’une légère indemnité de trente francs à payer au profit de la
1631 2576 3758 2667 demoiselle Maitre. Les époux Germain n’ayant pas accepté cette
1625 2678 3782 2782 proposition de conciliation la cause fut renvoyée devant le Bureau
