4608 3072
1473 368 3615 477 Général du dit Conseil séant le vendredi vingt deux Janvier mil huit
1433 468 3603 566 cent cinquante huit. Cités pour le dit jour vingt deux Janvier, les
1442 568 3609 663 époux Germain ne comparurent pas. A l’appel de la cause la Demoiselle
1433 667 3605 754 Maitre, ès nom qu’elle agit, se présenta et conclut à ce qu’il plut au
1454 765 3605 857 Bureau Général dudit Conseil autoriser la dame Germain à entrer
1439 864 3617 959 en justice faute par son mari de l’avoir fait ; Donner défaut contre
1427 966 3626 1065 les époux Germain non comparants ni personne pour eux quoique
1442 1067 3620 1163 dument appelés et pour le profit résilier la convention verbale
1439 1173 3635 1271 d’apprentissage consentie le premier octobre mil huit cent cinquante
1460 1278 3641 1365 six pour la mineure Margueritte Maitre sa fille et pour le
1445 1376 3626 1473 tort que lui causse cette résiliation condamner les époux Germains à
1418 1483 3654 1575 lui payer avec intérêts suivant la loi la somme de trente francs à titre
1437 1584 3647 1687 d’indemnité et les condamner aux dépens. Point de droit - Devait-on
1461 1685 3659 1797 donner défaut contre les époux Germain non comparant ni
1427 1795 3650 1901 personne pour eux quoique dument appelés et pour
1437 1894 3656 2004 le profit juger à la demanderesse les conclusions par elle précédemment
1421 1995 3665 2118 prises ? Que devait-il être statué à l’égard des dépens ? Après avoir
1452 2103 3663 2226 entendu la demoiselle Maitre en ses demandes et conclusions et en
1440 2212 3669 2328 avoir délibéré conformément à la loi attendu que la demande de la
1424 2311 3680 2430 demoiselle Maitre est juste et fondée ; que d’ailleurs  elle n’est pas
1431 2417 3690 2544 contestée par les époux Germain non comparants ni personne pour eux
1443 2520 3684 2653 régulièrement quoique dument appelés. Par ces
1442 2627 3672 2765 motifs - Le Bureau Général qui agit en premier ressort
1478 2725 3678 2861 autorise la dame Germain à entre en justice faute par son mari de l’avoir
1464 2825 3684 2967 fait ; Donne défaut contre les époux Germain non comparants ni
