4608 3072
824 912 1430 988 marge cette somme sera
839 985 1478 1065 payée en deux termes
830 1041 1460 1130 égaux ; le premier le
798 1110 1494 1194 vingt huit Février et
813 1178 1475 1270 le deuxième fin Mars
809 1240 1499 1344 mil huit cent cinquante
821 1315 1472 1408 huit ; Dit que faut par
818 1408 1500 1488 par les époux Germain
833 1473 1490 1564 de payer quinze francs à
836 1549 1502 1648 l’échéance du premier
1508 2328 1514 2395 ence, non compris le cout du présent jugement, la signification d’icelui et de ses suites.
1509 2432 1514 2499 Et vu les articles 435 du code de procédure civile, 27 et 42 du code de procédure civile, 27 et
1508 2537 1514 2604 42 du décret du onze juin 1809 pour signifier aux défendeurs le présent jugement, commet Fontaine,
1494 2640 1514 2707 l’un de ses huissier audiencier. Ainsi jugé les jour, mois et an que dessus.
840 1622 1500 1726 terme la somme entière
828 1701 1472 1799 deviendra exigible de
851 1811 1034 1881 faite
839 1874 1400 1958 revoi approuvé
1547 1164 3671 1263 personne pour eux régulièrement quoique dument appelés ; Et adjuge
1535 1266 3689 1365 le profit du dit défaut, résilie la convention verbale d’apprentissage
1514 1374 3689 1454 intervenue entre les époux Germain et la demoiselle Maitre pour
1533 1471 3692 1566 sa fille Marguerite le premier octobre mil huit cent cinquante six.
1551 1570 3692 1671 Condamne les époux Germain à payer solidairement et avec
1532 1674 3686 1779 intérêts suivant la loi à la demoiselle Maitre, ès, nom qu’elle agit, la
1562 1771 3693 1879 somme de trente francs à titre d’indemnité que lui coute la rupture de
1548 1878 3696 1981 cette convention ; Condamner les époux Germain aux dépens taxés et
1557 1978 3701 2079 liquidés en vers la demanderesse à la somme de un franc vingt centimes,
1533 2085 3713 2187 à celle de soixante quinze centimes en vers le Trésor Public pour le papier timbré
1523 2182 3701 2286 de la présente minute ; conformément à la loi du sept aout mil huit cent cinquante,
1514 2280 3705 2394 ence, non compris le cout du présent jugement, la signification d’icelui et de ses suites.
1514 2368 3768 2498 Et vu les articles 435 du code de procédure civile, 27 et 42 du code de procédure civile, 27 et
1514 2479 3699 2603 42 du décret du onze juin 1809 pour signifier aux défendeurs le présent jugement, commet Fontaine,
1514 2610 3281 2706 l’un de ses huissier audiencier. Ainsi jugé les jour, mois et an que dessus.
