<?xml version="1.0" encoding="utf-8"?>
<PcGts xmlns="http://schema.primaresearch.org/PAGE/gts/pagecontent/2013-07-15" xmlns:tu="timeUs" xmlns:xsi="http://www.w3.org/2001/XMLSchema-instance" xsi:schemaLocation="http://schema.primaresearch.org/PAGE/gts/pagecontent/2013-07-15 http://schema.primaresearch.org/PAGE/gts/pagecontent/2013-07-15/pagecontent.xsd">
<Metadata>
<Creator>prov=University of Rostock/Institute of Mathematics/CITlab/Tobias Gruening/tobias.gruening@uni-rostock.de:name=/net_tf/LA73_249_0mod360.pb:de.uro.citlab.module.la.core.CITlab_LA_ML:v=?0.1
TRP</Creator>
<Created>2018-05-23T13:26:58.472+02:00</Created>
<LastChange>2018-06-04T14:49:32.563+02:00</LastChange>
<tu:title>AD Seine Prud'homme 1858 (D1U10 386)</tu:title><tu:desc>No description.</tu:desc><tu:pagenumber>39</tu:pagenumber></Metadata>
<Page imageFilename="PH 1858-34.jpg" imageHeight="3072" imageWidth="4608" tu:id="39" tu:url="https://dbis-thure.uibk.ac.at/f/Get?id=SBCHYVBZXMXCMMHBHOKEMMMA&amp;fileType=view">
<ReadingOrder>
<OrderedGroup caption="Regions reading order" id="ro_1528116572597">
<RegionRefIndexed index="0" regionRef="r3"/>
</OrderedGroup>
</ReadingOrder>
<TextRegion custom="readingOrder {index:0;}" id="r3" orientation="0.0">
<Coords points="1488,568 1488,3045 3749,3045 3749,568"/>
<TextLine custom="readingOrder {index:0;}" id="r3l1">
<Coords points="2340,634 2385,639 2431,643 2477,648 2523,652 2568,656 2614,660 2660,664 2706,666 2751,669 2797,673 2843,677 2889,679 2934,682 2980,686 3026,688 3072,691 3117,694 3163,696 3209,699 3255,702 3255,636 3209,633 3163,630 3117,628 3072,625 3026,622 2980,620 2934,616 2889,613 2843,611 2797,607 2751,603 2706,600 2660,598 2614,594 2568,590 2523,586 2477,582 2431,577 2385,573 2340,568"/>
<Baseline points="2340,612 2385,617 2431,621 2477,626 2523,630 2568,634 2614,638 2660,642 2706,644 2751,647 2797,651 2843,655 2889,657 2934,660 2980,664 3026,666 3072,669 3117,672 3163,674 3209,677 3255,680"/>
<TextEquiv>
<Unicode>Du dit jour vingt deux Janvier</Unicode>
</TextEquiv>
</TextLine>
<TextLine custom="readingOrder {index:1;}" id="r3l2">
<Coords points="1574,667 1686,676 1799,684 1911,694 2024,704 2136,712 2249,722 2362,730 2474,741 2587,748 2699,757 2812,765 2924,772 3037,779 3150,785 3262,789 3375,793 3487,796 3600,798 3713,798 3713,732 3600,732 3487,730 3375,727 3262,723 3150,719 3037,713 2924,706 2812,699 2699,691 2587,682 2474,675 2362,664 2249,656 2136,646 2024,638 1911,628 1799,618 1686,610 1574,601"/>
<Baseline points="1574,645 1686,654 1799,662 1911,672 2024,682 2136,690 2249,700 2362,708 2474,719 2587,726 2699,735 2812,743 2924,750 3037,757 3150,763 3262,767 3375,771 3487,774 3600,776 3713,776"/>
<TextEquiv>
<Unicode>Entre Monsieur Jacques Boyer, ouvrier coupeur de poils de lapins, </Unicode>
</TextEquiv>
</TextLine>
<TextLine custom="readingOrder {index:2;}" id="r3l3">
<Coords points="1554,768 1660,775 1766,783 1873,790 1979,798 2085,805 2192,813 2298,822 2404,829 2511,837 2617,843 2723,850 2830,856 2936,864 3042,869 3149,874 3255,879 3361,883 3468,886 3574,889 3681,892 3681,826 3574,823 3468,820 3361,817 3255,813 3149,808 3042,803 2936,798 2830,790 2723,784 2617,777 2511,771 2404,763 2298,756 2192,747 2085,739 1979,732 1873,724 1766,717 1660,709 1554,702"/>
<Baseline points="1554,746 1660,753 1766,761 1873,768 1979,776 2085,783 2192,791 2298,800 2404,807 2511,815 2617,821 2723,828 2830,834 2936,842 3042,847 3149,852 3255,857 3361,861 3468,864 3574,867 3681,870"/>
<TextEquiv>
<Unicode>demeurant à La Villette pr!s Paris, boulevard des buttes Chaumont, </Unicode>
</TextEquiv>
</TextLine>
<TextLine custom="readingOrder {index:3;}" id="r3l4">
<Coords points="1542,872 1647,878 1753,884 1859,890 1965,897 2070,905 2176,912 2282,919 2388,925 2493,932 2599,940 2705,947 2811,953 2916,958 3022,965 3128,969 3234,974 3339,978 3445,982 3551,986 3657,987 3657,915 3551,914 3445,910 3339,906 3234,902 3128,897 3022,893 2916,886 2811,881 2705,875 2599,868 2493,860 2388,853 2282,847 2176,840 2070,833 1965,825 1859,818 1753,812 1647,806 1542,800"/>
<Baseline points="1542,848 1647,854 1753,860 1859,866 1965,873 2070,881 2176,888 2282,895 2388,901 2493,908 2599,916 2705,923 2811,929 2916,934 3022,941 3128,945 3234,950 3339,954 3445,958 3551,962 3657,963"/>
<TextEquiv>
<Unicode>numéro quarante six ; Demandeur ; Comparant ; D4une part ; Et </Unicode>
</TextEquiv>
</TextLine>
<TextLine custom="readingOrder {index:4;}" id="r3l5">
<Coords points="1554,978 1657,984 1760,991 1864,998 1967,1005 2070,1012 2174,1019 2277,1026 2380,1032 2484,1038 2587,1044 2690,1049 2794,1054 2897,1059 3000,1063 3104,1066 3207,1069 3310,1072 3414,1074 3517,1074 3621,1075 3621,1000 3517,999 3414,999 3310,997 3207,994 3104,991 3000,988 2897,984 2794,979 2690,974 2587,969 2484,963 2380,957 2277,951 2174,944 2070,937 1967,930 1864,923 1760,916 1657,909 1554,903"/>
<Baseline points="1554,953 1657,959 1760,966 1864,973 1967,980 2070,987 2174,994 2277,1001 2380,1007 2484,1013 2587,1019 2690,1024 2794,1029 2897,1034 3000,1038 3104,1041 3207,1044 3310,1047 3414,1049 3517,1049 3621,1050"/>
<TextEquiv>
<Unicode>Monsieur Pierre Borne coupeur de poils de lapin, demeurant et </Unicode>
</TextEquiv>
</TextLine>
<TextLine custom="readingOrder {index:5;} textStyle {offset:12; length:43;strikethrough:true; fontSize:0.0; kerning:0;}" id="r3l6">
<Coords points="1554,1080 1660,1087 1767,1093 1873,1099 1980,1105 2086,1112 2193,1117 2299,1123 2406,1129 2512,1134 2619,1138 2725,1144 2832,1149 2938,1152 3045,1156 3151,1161 3258,1164 3364,1167 3471,1170 3577,1171 3684,1173 3684,1098 3577,1096 3471,1095 3364,1092 3258,1089 3151,1086 3045,1081 2938,1077 2832,1074 2725,1069 2619,1063 2512,1059 2406,1054 2299,1048 2193,1042 2086,1037 1980,1030 1873,1024 1767,1018 1660,1012 1554,1005"/>
<Baseline points="1554,1055 1660,1062 1767,1068 1873,1074 1980,1080 2086,1087 2193,1092 2299,1098 2406,1104 2512,1109 2619,1113 2725,1119 2832,1124 2938,1127 3045,1131 3151,1136 3258,1139 3364,1142 3471,1145 3577,1146 3684,1148"/>
<TextEquiv>
<Unicode>domicilié à Belleville près Paris, Boulevard des buttes Lavilette </Unicode>
</TextEquiv>
</TextLine>
<TextLine custom="readingOrder {index:6;}" id="r3l7">
<Coords points="1545,1194 1650,1197 1755,1201 1860,1204 1965,1209 2070,1213 2175,1218 2281,1224 2386,1228 2491,1233 2596,1237 2701,1242 2806,1246 2911,1250 3017,1254 3122,1258 3227,1261 3332,1263 3437,1266 3542,1267 3648,1269 3648,1193 3542,1191 3437,1190 3332,1187 3227,1185 3122,1182 3017,1178 2911,1174 2806,1170 2701,1166 2596,1161 2491,1157 2386,1152 2281,1148 2175,1142 2070,1137 1965,1133 1860,1128 1755,1125 1650,1121 1545,1118"/>
<Baseline points="1545,1169 1650,1172 1755,1176 1860,1179 1965,1184 2070,1188 2175,1193 2281,1199 2386,1203 2491,1208 2596,1212 2701,1217 2806,1221 2911,1225 3017,1229 3122,1233 3227,1236 3332,1238 3437,1241 3542,1242 3648,1244"/>
<TextEquiv>
<Unicode>près Paris, Boulevard des Buttes Chaumont, numéro vingt quatre ; </Unicode>
</TextEquiv>
</TextLine>
<TextLine custom="readingOrder {index:7;}" id="r3l8">
<Coords points="1545,1300 1652,1303 1760,1306 1867,1309 1975,1314 2082,1318 2190,1321 2297,1326 2405,1330 2512,1335 2620,1339 2728,1342 2835,1347 2943,1350 3050,1353 3158,1355 3265,1357 3373,1359 3480,1360 3588,1360 3696,1359 3696,1283 3588,1284 3480,1284 3373,1283 3265,1281 3158,1279 3050,1277 2943,1274 2835,1271 2728,1266 2620,1263 2512,1259 2405,1254 2297,1250 2190,1245 2082,1242 1975,1238 1867,1233 1760,1230 1652,1227 1545,1224"/>
<Baseline points="1545,1275 1652,1278 1760,1281 1867,1284 1975,1289 2082,1293 2190,1296 2297,1301 2405,1305 2512,1310 2620,1314 2728,1317 2835,1322 2943,1325 3050,1328 3158,1330 3265,1332 3373,1334 3480,1335 3588,1335 3696,1334"/>
<TextEquiv>
<Unicode>Défendeur ; Comparant ; D’autre part ; Point de fait - Par lettre </Unicode>
</TextEquiv>
</TextLine>
<TextLine custom="readingOrder {index:8;}" id="r3l9">
<Coords points="1548,1404 1656,1408 1764,1413 1872,1419 1980,1423 2088,1426 2196,1431 2304,1434 2412,1437 2520,1441 2628,1444 2736,1446 2844,1449 2952,1452 3060,1455 3168,1456 3276,1458 3384,1459 3492,1461 3600,1462 3708,1464 3708,1388 3600,1386 3492,1385 3384,1383 3276,1382 3168,1380 3060,1379 2952,1376 2844,1373 2736,1370 2628,1368 2520,1365 2412,1361 2304,1358 2196,1355 2088,1350 1980,1347 1872,1343 1764,1337 1656,1332 1548,1328"/>
<Baseline points="1548,1379 1656,1383 1764,1388 1872,1394 1980,1398 2088,1401 2196,1406 2304,1409 2412,1412 2520,1416 2628,1419 2736,1421 2844,1424 2952,1427 3060,1430 3168,1431 3276,1433 3384,1434 3492,1436 3600,1437 3708,1439"/>
<TextEquiv>
<Unicode>du secrétaire du Conseil de Prud’hommes  du Département de la Seine </Unicode>
</TextEquiv>
</TextLine>
<TextLine custom="readingOrder {index:9;}" id="r3l10">
<Coords points="1524,1525 1631,1525 1739,1525 1847,1527 1955,1528 2063,1530 2171,1531 2278,1534 2386,1536 2494,1539 2602,1542 2710,1543 2818,1546 2926,1549 3033,1551 3141,1554 3249,1555 3357,1557 3465,1558 3573,1558 3681,1560 3681,1484 3573,1482 3465,1482 3357,1481 3249,1479 3141,1478 3033,1475 2926,1473 2818,1470 2710,1467 2602,1466 2494,1463 2386,1460 2278,1458 2171,1455 2063,1454 1955,1452 1847,1451 1739,1449 1631,1449 1524,1449"/>
<Baseline points="1524,1500 1631,1500 1739,1500 1847,1502 1955,1503 2063,1505 2171,1506 2278,1509 2386,1511 2494,1514 2602,1517 2710,1518 2818,1521 2926,1524 3033,1526 3141,1529 3249,1530 3357,1532 3465,1533 3573,1533 3681,1535"/>
<TextEquiv>
<Unicode>pour l’industrie des tissus en date du Lundi dix huit Janvier mil </Unicode>
</TextEquiv>
</TextLine>
<TextLine custom="readingOrder {index:10;}" id="r3l11">
<Coords points="1541,1622 1649,1624 1758,1627 1867,1630 1976,1631 2085,1634 2194,1636 2303,1637 2412,1640 2521,1642 2630,1643 2738,1645 2847,1648 2956,1648 3065,1649 3174,1651 3283,1652 3392,1653 3501,1654 3610,1654 3719,1655 3719,1585 3610,1584 3501,1584 3392,1583 3283,1582 3174,1581 3065,1579 2956,1578 2847,1578 2738,1575 2630,1573 2521,1572 2412,1570 2303,1567 2194,1566 2085,1564 1976,1561 1867,1560 1758,1557 1649,1554 1541,1552"/>
<Baseline points="1541,1599 1649,1601 1758,1604 1867,1607 1976,1608 2085,1611 2194,1613 2303,1614 2412,1617 2521,1619 2630,1620 2738,1622 2847,1625 2956,1625 3065,1626 3174,1628 3283,1629 3392,1630 3501,1631 3610,1631 3719,1632"/>
<TextEquiv>
<Unicode>huit cent cinquante huit Boyer fit citer à comparaitre par devant </Unicode>
</TextEquiv>
</TextLine>
<TextLine custom="readingOrder {index:11;}" id="r3l12">
<Coords points="1553,1730 1661,1733 1769,1735 1877,1738 1985,1739 2094,1739 2202,1741 2310,1742 2418,1742 2526,1742 2635,1744 2743,1744 2851,1744 2959,1745 3067,1745 3176,1747 3284,1748 3392,1750 3500,1751 3608,1754 3717,1756 3717,1686 3608,1684 3500,1681 3392,1680 3284,1678 3176,1677 3067,1675 2959,1675 2851,1674 2743,1674 2635,1674 2526,1672 2418,1672 2310,1672 2202,1671 2094,1669 1985,1669 1877,1668 1769,1665 1661,1663 1553,1660"/>
<Baseline points="1553,1707 1661,1710 1769,1712 1877,1715 1985,1716 2094,1716 2202,1718 2310,1719 2418,1719 2526,1719 2635,1721 2743,1721 2851,1721 2959,1722 3067,1722 3176,1724 3284,1725 3392,1727 3500,1728 3608,1731 3717,1733"/>
<TextEquiv>
<Unicode>le Conseil de Prud’homme séant en Bureau Particulier le Mardi dix neuf </Unicode>
</TextEquiv>
</TextLine>
<TextLine custom="readingOrder {index:12;}" id="r3l13">
<Coords points="1548,1845 1655,1846 1763,1846 1870,1846 1978,1848 2085,1848 2193,1848 2300,1849 2408,1849 2515,1849 2623,1849 2731,1849 2838,1849 2946,1849 3053,1849 3161,1849 3268,1849 3376,1849 3483,1848 3591,1848 3699,1846 3699,1771 3591,1773 3483,1773 3376,1774 3268,1774 3161,1774 3053,1774 2946,1774 2838,1774 2731,1774 2623,1774 2515,1774 2408,1774 2300,1774 2193,1773 2085,1773 1978,1773 1870,1771 1763,1771 1655,1771 1548,1770"/>
<Baseline points="1548,1820 1655,1821 1763,1821 1870,1821 1978,1823 2085,1823 2193,1823 2300,1824 2408,1824 2515,1824 2623,1824 2731,1824 2838,1824 2946,1824 3053,1824 3161,1824 3268,1824 3376,1824 3483,1823 3591,1823 3699,1821"/>
<TextEquiv>
<Unicode>Janvier mil huit cent cinquante huit pour se concilier si faire se pouvait sur </Unicode>
</TextEquiv>
</TextLine>
<TextLine custom="readingOrder {index:13;}" id="r3l14">
<Coords points="1535,1954 1644,1956 1753,1956 1862,1957 1971,1957 2080,1957 2189,1956 2298,1956 2407,1956 2516,1954 2625,1954 2734,1953 2843,1951 2952,1951 3061,1950 3170,1950 3279,1948 3388,1948 3497,1947 3606,1947 3716,1947 3716,1872 3606,1872 3497,1872 3388,1873 3279,1873 3170,1875 3061,1875 2952,1876 2843,1876 2734,1878 2625,1879 2516,1879 2407,1881 2298,1881 2189,1881 2080,1882 1971,1882 1862,1882 1753,1881 1644,1881 1535,1879"/>
<Baseline points="1535,1929 1644,1931 1753,1931 1862,1932 1971,1932 2080,1932 2189,1931 2298,1931 2407,1931 2516,1929 2625,1929 2734,1928 2843,1926 2952,1926 3061,1925 3170,1925 3279,1923 3388,1923 3497,1922 3606,1922 3716,1922"/>
<TextEquiv>
<Unicode>la demande qu’il entendait former  contre lui devant le dit Conseil en  </Unicode>
</TextEquiv>
</TextLine>
<TextLine custom="readingOrder {index:14;}" id="r3l15">
<Coords points="1511,2067 1622,2067 1734,2067 1846,2066 1958,2066 2070,2064 2182,2063 2294,2062 2406,2061 2518,2059 2630,2058 2741,2055 2853,2055 2965,2053 3077,2052 3189,2051 3301,2049 3413,2049 3525,2048 3637,2048 3749,2048 3749,1975 3637,1975 3525,1975 3413,1976 3301,1976 3189,1978 3077,1979 2965,1980 2853,1982 2741,1982 2630,1985 2518,1986 2406,1988 2294,1989 2182,1990 2070,1991 1958,1993 1846,1993 1734,1994 1622,1994 1511,1994"/>
<Baseline points="1511,2043 1622,2043 1734,2043 1846,2042 1958,2042 2070,2040 2182,2039 2294,2038 2406,2037 2518,2035 2630,2034 2741,2031 2853,2031 2965,2029 3077,2028 3189,2027 3301,2025 3413,2025 3525,2024 3637,2024 3749,2024"/>
<TextEquiv>
<Unicode>paiement de la somme de cent vingt quatre francs qu’il lui doit, la dite </Unicode>
</TextEquiv>
</TextLine>
<TextLine custom="readingOrder {index:15;}" id="r3l16">
<Coords points="1548,2178 1657,2177 1766,2175 1876,2174 1985,2172 2095,2170 2204,2168 2314,2166 2423,2165 2533,2163 2642,2160 2751,2159 2861,2157 2970,2156 3080,2153 3189,2151 3299,2150 3408,2148 3518,2147 3627,2145 3737,2144 3737,2071 3627,2072 3518,2074 3408,2075 3299,2077 3189,2078 3080,2080 2970,2083 2861,2084 2751,2086 2642,2087 2533,2090 2423,2092 2314,2093 2204,2095 2095,2097 1985,2099 1876,2101 1766,2102 1657,2104 1548,2105"/>
<Baseline points="1548,2154 1657,2153 1766,2151 1876,2150 1985,2148 2095,2146 2204,2144 2314,2142 2423,2141 2533,2139 2642,2136 2751,2135 2861,2133 2970,2132 3080,2129 3189,2127 3299,2126 3408,2124 3518,2123 3627,2121 3737,2120"/>
<TextEquiv>
<Unicode>résultant de celle de cent francs prix convenu pour lui apprendre </Unicode>
</TextEquiv>
</TextLine>
<TextLine custom="readingOrder {index:16;}" id="r3l17">
<Coords points="1506,2289 1616,2289 1726,2288 1837,2286 1947,2285 2057,2283 2168,2280 2278,2277 2388,2275 2499,2272 2609,2270 2719,2265 2830,2263 2940,2259 3050,2258 3161,2255 3271,2252 3381,2250 3492,2249 3602,2247 3713,2247 3713,2174 3602,2174 3492,2176 3381,2177 3271,2179 3161,2182 3050,2185 2940,2186 2830,2190 2719,2192 2609,2197 2499,2199 2388,2202 2278,2204 2168,2207 2057,2210 1947,2212 1837,2213 1726,2215 1616,2216 1506,2216"/>
<Baseline points="1506,2265 1616,2265 1726,2264 1837,2262 1947,2261 2057,2259 2168,2256 2278,2253 2388,2251 2499,2248 2609,2246 2719,2241 2830,2239 2940,2235 3050,2234 3161,2231 3271,2228 3381,2226 3492,2225 3602,2223 3713,2223"/>
<TextEquiv>
<Unicode>à couper le poil de lapin et de celle de vingt quatre francs  pour le prix </Unicode>
</TextEquiv>
</TextLine>
<TextLine custom="readingOrder {index:17;}" id="r3l18">
<Coords points="1530,2396 1639,2394 1749,2393 1859,2391 1969,2388 2078,2385 2188,2382 2298,2379 2408,2376 2517,2372 2627,2369 2737,2366 2847,2363 2956,2359 3066,2356 3176,2354 3286,2351 3395,2348 3505,2346 3615,2345 3725,2345 3725,2272 3615,2272 3505,2273 3395,2275 3286,2278 3176,2281 3066,2283 2956,2286 2847,2290 2737,2293 2627,2296 2517,2299 2408,2303 2298,2306 2188,2309 2078,2312 1969,2315 1859,2318 1749,2320 1639,2321 1530,2323"/>
<Baseline points="1530,2372 1639,2370 1749,2369 1859,2367 1969,2364 2078,2361 2188,2358 2298,2355 2408,2352 2517,2348 2627,2345 2737,2342 2847,2339 2956,2335 3066,2332 3176,2330 3286,2327 3395,2324 3505,2322 3615,2321 3725,2321"/>
<TextEquiv>
<Unicode>de quatre journées à raison de six francs par jour. A l’appel de la </Unicode>
</TextEquiv>
</TextLine>
<TextLine custom="readingOrder {index:18;}" id="r3l19">
<Coords points="1488,2508 1599,2508 1710,2508 1821,2505 1932,2503 2043,2500 2154,2496 2265,2492 2376,2487 2487,2482 2599,2478 2710,2473 2821,2468 2932,2463 3043,2458 3154,2454 3265,2450 3376,2447 3487,2445 3598,2443 3710,2442 3710,2366 3598,2367 3487,2369 3376,2371 3265,2374 3154,2378 3043,2382 2932,2387 2821,2392 2710,2397 2599,2402 2487,2406 2376,2411 2265,2416 2154,2420 2043,2424 1932,2427 1821,2429 1710,2432 1599,2432 1488,2432"/>
<Baseline points="1488,2483 1599,2483 1710,2483 1821,2480 1932,2478 2043,2475 2154,2471 2265,2467 2376,2462 2487,2457 2599,2453 2710,2448 2821,2443 2932,2438 3043,2433 3154,2429 3265,2425 3376,2422 3487,2420 3598,2418 3710,2417"/>
<TextEquiv>
<Unicode>cause Boyer se présenta et exposé comme dessus. La dame Borne se </Unicode>
</TextEquiv>
</TextLine>
<TextLine custom="readingOrder {index:19;}" id="r3l20">
<Coords points="1506,2623 1617,2622 1728,2619 1839,2614 1950,2610 2061,2605 2172,2600 2284,2595 2395,2589 2506,2584 2617,2578 2728,2573 2839,2568 2950,2563 3062,2559 3173,2554 3284,2550 3395,2547 3506,2544 3617,2542 3729,2541 3729,2466 3617,2467 3506,2469 3395,2472 3284,2475 3173,2479 3062,2484 2950,2488 2839,2493 2728,2498 2617,2503 2506,2509 2395,2514 2284,2520 2172,2525 2061,2530 1950,2535 1839,2539 1728,2544 1617,2547 1506,2548"/>
<Baseline points="1506,2598 1617,2597 1728,2594 1839,2589 1950,2585 2061,2580 2172,2575 2284,2570 2395,2564 2506,2559 2617,2553 2728,2548 2839,2543 2950,2538 3062,2534 3173,2529 3284,2525 3395,2522 3506,2519 3617,2517 3729,2516"/>
<TextEquiv>
<Unicode>présenta pour son mari du lequel elle se dit autorisée et exposa au Conseil </Unicode>
</TextEquiv>
</TextLine>
<TextLine custom="readingOrder {index:20;}" id="r3l21">
<Coords points="1517,2740 1628,2736 1739,2732 1850,2728 1961,2723 2072,2718 2183,2713 2295,2707 2406,2701 2517,2695 2628,2690 2739,2684 2850,2678 2961,2673 3073,2667 3184,2662 3295,2657 3406,2652 3517,2648 3628,2644 3740,2641 3740,2566 3628,2569 3517,2573 3406,2577 3295,2582 3184,2587 3073,2592 2961,2598 2850,2603 2739,2609 2628,2615 2517,2620 2406,2626 2295,2632 2183,2638 2072,2643 1961,2648 1850,2653 1739,2657 1628,2661 1517,2665"/>
<Baseline points="1517,2715 1628,2711 1739,2707 1850,2703 1961,2698 2072,2693 2183,2688 2295,2682 2406,2676 2517,2670 2628,2665 2739,2659 2850,2653 2961,2648 3073,2642 3184,2637 3295,2632 3406,2627 3517,2623 3628,2619 3740,2616"/>
<TextEquiv>
<Unicode>qu’il ne devait pas la somme de cent francs pour prix d’apprentissage </Unicode>
</TextEquiv>
</TextLine>
<TextLine custom="readingOrder {index:21;}" id="r3l22">
<Coords points="1524,2854 1634,2850 1744,2845 1854,2841 1964,2835 2074,2829 2184,2823 2294,2816 2404,2808 2514,2801 2625,2794 2735,2787 2845,2780 2955,2773 3065,2766 3175,2761 3285,2754 3395,2749 3505,2745 3615,2740 3726,2737 3726,2661 3615,2664 3505,2669 3395,2673 3285,2678 3175,2685 3065,2690 2955,2697 2845,2704 2735,2711 2625,2718 2514,2725 2404,2732 2294,2740 2184,2747 2074,2753 1964,2759 1854,2765 1744,2769 1634,2774 1524,2778"/>
<Baseline points="1524,2829 1634,2825 1744,2820 1854,2816 1964,2810 2074,2804 2184,2798 2294,2791 2404,2783 2514,2776 2625,2769 2735,2762 2845,2755 2955,2748 3065,2741 3175,2736 3285,2729 3395,2724 3505,2720 3615,2715 3726,2712"/>
<TextEquiv>
<Unicode>de son mari parce que le prix n’en a pas été fixé ; qu’ayant déjà donné </Unicode>
</TextEquiv>
</TextLine>
<TextEquiv>
<Unicode>Du dit jour vingt deux Janvier
Entre Monsieur Jacques Boyer, ouvrier coupeur de poils de lapins, 
demeurant à La Villette pr!s Paris, boulevard des buttes Chaumont, 
numéro quarante six ; Demandeur ; Comparant ; D4une part ; Et 
Monsieur Pierre Borne coupeur de poils de lapin, demeurant et 
domicilié à Belleville près Paris, Boulevard des buttes Lavilette 
près Paris, Boulevard des Buttes Chaumont, numéro vingt quatre ; 
Défendeur ; Comparant ; D’autre part ; Point de fait - Par lettre 
du secrétaire du Conseil de Prud’hommes  du Département de la Seine 
pour l’industrie des tissus en date du Lundi dix huit Janvier mil 
huit cent cinquante huit Boyer fit citer à comparaitre par devant 
le Conseil de Prud’homme séant en Bureau Particulier le Mardi dix neuf 
Janvier mil huit cent cinquante huit pour se concilier si faire se pouvait sur 
la demande qu’il entendait former  contre lui devant le dit Conseil en  
paiement de la somme de cent vingt quatre francs qu’il lui doit, la dite 
résultant de celle de cent francs prix convenu pour lui apprendre 
à couper le poil de lapin et de celle de vingt quatre francs  pour le prix 
de quatre journées à raison de six francs par jour. A l’appel de la 
cause Boyer se présenta et exposé comme dessus. La dame Borne se 
présenta pour son mari du lequel elle se dit autorisée et exposa au Conseil 
qu’il ne devait pas la somme de cent francs pour prix d’apprentissage 
de son mari parce que le prix n’en a pas été fixé ; qu’ayant déjà donné </Unicode>
</TextEquiv>
</TextRegion>
</Page>
</PcGts>