4608 3072
1536 1010 3609 1115 cinquante francs elle croyait payer suffisamment en y ajoutant celle
1524 1105 3609 1202 de trente francs qu’elle offrait payer. Elle reconnait devoir celle de vingt
1533 1206 3600 1299 quatre francs pour quatre journées passées à monter et organiser la
1521 1302 3651 1398 machine. Boyer nia avoir reçu la somme de cinquante francs à compte
1514 1398 3645 1494 sur le prix d’apprentissage et persista dans sa demande. Le Bureau Particulier
1527 1500 3636 1588 proposa aux parties de se concilier par le paiement de la somme
1526 1605 3633 1677 de soixante quatorze francs au projet de Boyer. Cette proposition
1505 1703 3608 1773 de conciliation fut repoussée par Boyer qui persista à exiger
1527 1800 3651 1870 le paiement de cent francs pour le prix de l’apprentissage déclarant que
1533 1895 3639 1966 cette somme lui avait été offerte par Borne en un billet payable à
1523 1991 3641 2071 une année de date, que la longueur de l’échange l’avait seule empêche
1514 2085 3554 2172 de l’accepter. Les parties n’ayant pas été conciliées la cause fut
1526 2188 3656 2271 renvoyée devant le Bureau Général du dit Conseil séant le vendredi
1520 2278 3662 2364 vingt deux janvier mil huit cent cinquante huit. Cité pour le dit jour
1524 2375 3642 2469 vingt deux Janvier Borne comparut. A l’appel de la cause Boyer
1505 2462 3647 2567 se présenta et conclut à ce qu’il plut au Bureau Général du dit Conseil
1497 2570 3665 2670 condamner Borne à lui payer avec intérêts suivant la loi la somme
1511 2670 3605 2757 de cent vingt francs qu’il doit : celle de cent francs pour prix
1509 2766 3647 2884 d’apprentissage et celle de vingt quatre francs pour prix de quatre
