4608 3072
1247 198 3584 315 journées à raison de six francs, lesquelles ont été passées à monter
1256 310 3600 422 et organiser la machine et le condamner aux dépens. De son coté
1259 415 3581 522 Borne se présenta et conclut à ce qu’il plut au Bureau Général
1251 520 3591 632 attendu qu’il a employé Boyer en qualité d’ouvrier coupeur pendant
1259 626 3612 739 l’espace de deux mois et demi il lui a payé ses journées à raison de six
1262 743 3617 855 francs ; attendu qu’il n’en convenu de rien payer pour l’apprentissage
1262 852 3617 966 que du reste il  n’a pas fait puisqu’il n’a jamais été montré par
1247 964 3632 1079 Boyer ; qu’il doit à son intellinge et non aux soins de Boyer de
1250 1072 3629 1187 savoir couper le poil de lapin ; Par ces motifs Déclarer Boyer
1268 1187 3641 1302 non recevable en sa demande en paiement de cent francs pour
1235 1298 3659 1413 le prix d’apprentissage, et pour le cas ou le conseil croirait le condamner
1241 1410 3647 1532 à lui payer un prix quelconque d’apprentissage lui accorder
1230 1524 3662 1650 termes et délais. Point de droit- Devait-on condamner Borne
1248 1638 3668 1766 à payer à Boyer la somme de cent francs pour prix de l’apprentissage
1253 1755 3671 1887 de ce dernier, plus celle de vingt quatre francs pour quatre journées passées
1250 1871 3668 2003 à faire marcher la machine ? Ou bien devait-on conformément
1244 1979 3644 2124 aux conclusions de Borne déclarer Boyer non recevable en sa
1248 2095 3684 2243 demande concernant le pris d’apprentissage ? Que devait-il etre
1251 2212 3701 2350 statué à l’égard des dépens ? Après avoir entendu les parties en leurs
1242 2327 3695 2474 demandes et conclusions respectivement et en avoir délibéré conformément
1242 2442 3699 2592 à la loi ; attendu qu’il résulte de l’audition des parties à l’audience
1253 2559 3702 2718 que Borne, qui n’avait jamais exercé la profession de coupeur
1253 2667 3708 2837 de poils de lapin à tout à coup acheté une machine servant à l’exploitation de
1247 2798 3707 2954 ce genre métier ; qu’il résulte également de ses explications fournies par
1260 2895 3692 3051 les partie et des dires de la dame Borne à l’audience du Bureau
