4608 3072
1301 1088 3608 1188 Particulier du dix neuf Janvier que Boyer a enseigné la profession
1307 1190 3614 1301 à Borne ; qu’une somme devait lui être payée en retour ; qu’aux dires
1292 1296 3614 1414 de la dame Borne elle même, et, bien que cette
1298 1406 3629 1528 Boyer, une somme de cinquante francs aurait été donnée à compte
1295 1514 3629 1644 sur celle à payer ; que ce paiement de cinquante  francs ne pourrait être
1298 1620 3626 1752 considéré comme le prix fixé par les parties puisque la dame Borne
1319 1731 3614 1864 a offert de payer encore celle de trente francs ; considérant que le prix
1295 1844 3645 1981 d’apprentissage ne pouvait valoir plus de quatre vingt francs ; attendu que
1310 1967 3648 2094 l'absence de preuves suffidantes les parties se bornent à nier chacun de
1295 2075 3636 2208 leur coté, même les choses qui paraissent évidente : Boyer avoir reçu la
1287 2189 3636 2325 somme de cinquante francs que la dame borde a déclaré lui avoir donnée
1311 2298 3633 2433 à compte sur l’apprentissage, Borne avoir appris à travailler lorsqu’il
1320 2408 3647 2548 déclare qu’avant l’achat de sa machine et l’arrivée chez lui de Boyer
1296 2516 3660 2659 il ne connaissant rien à l’état qu’il professe aujourd’hui ; attendu que la cour
1296 2624 3660 2776 reconnait qu’il reste du à Boyer une partie du paiement qui devait
1286 2738 3653 2892 lui être fait pour l’apprentissage ; qu’il fixe à cinquante francs
