4608 3072
1509 486 3816 596 a somme qui lui revient à ce titre ; attendu que la somme de vingt
1494 594 3833 692 quatre francs pour le prix de quatre journées n’est pas contesté ; attendu
1523 697 3836 797 que  dans l’espèce il y a bien d’accorder délais à Borne pour payer la somme
1521 792 3837 899 totale de ces deux sommes. Par ces motif - Le Bureau Général jugeant
1443 906 3807 993 en dernier ressort -  Condamne Borne à payer à Boyer la
1496 1013 3806 1092 somme de soixante quatorze francs, se composant de celle de
1509 1119 3822 1201 cinquante francs pour le prix d’apprentissage, et de celle de
1520 1221 3806 1300 vingt quatre francs pour quatre journées de travail  à raison de
1518 1329 3843 1407 six francs ; Fixé le paiement de cette somme au cinq février
1505 1435 3842 1516 mil huit cent cinquante huit ; Déboute Boyer du surplus de sa
1502 1543 3854 1624 demande ; Condamner Borne aux dépens taxés et liquidés envers le
1493 1646 3872 1731 demandeur à la somme de soixante centimes, et à celle de un francien vers le
1493 1754 3878 1845 Trésor Public, pour le papier timbré de la présente minute, conformément à la
1487 1866 3896 1962 loi du sept aout mil huit cent cinquante, ence, non compris le cout du présent
1506 1973 3869 2083 jugement, la signification  d’celui et ses suites. Ainsi jugé les jour, mois
1493 2100 2066 2196 et an que dessus.
