<?xml version="1.0" encoding="utf-8"?>
<PcGts xmlns="http://schema.primaresearch.org/PAGE/gts/pagecontent/2013-07-15" xmlns:tu="timeUs" xmlns:xsi="http://www.w3.org/2001/XMLSchema-instance" xsi:schemaLocation="http://schema.primaresearch.org/PAGE/gts/pagecontent/2013-07-15 http://schema.primaresearch.org/PAGE/gts/pagecontent/2013-07-15/pagecontent.xsd">
<Metadata>
<Creator>prov=University of Rostock/Institute of Mathematics/CITlab/Tobias Gruening/tobias.gruening@uni-rostock.de:name=/net_tf/LA73_249_0mod360.pb:de.uro.citlab.module.la.core.CITlab_LA_ML:v=?0.1
prov=University of Rostock/Institute of Mathematics/CITlab/Tobias Gruening/tobias.gruening@uni-rostock.de:name=/net_tf/LA73_249_0mod360.pb:de.uro.citlab.module.la.core.CITlab_LA_ML:v=?0.1
TRP</Creator>
<Created>2018-05-23T13:26:59.545+02:00</Created>
<LastChange>2018-05-26T18:20:31.993+02:00</LastChange>
<tu:title>AD Seine Prud'homme 1858 (D1U10 386)</tu:title><tu:desc>No description.</tu:desc><tu:pagenumber>44</tu:pagenumber></Metadata>
<Page imageFilename="PH 1858-39.jpg" imageHeight="3072" imageWidth="4608" tu:id="44" tu:url="https://dbis-thure.uibk.ac.at/f/Get?id=PAYYZAGCCAGXTJOJVPWRKYCS&amp;fileType=view">
<ReadingOrder>
<OrderedGroup caption="Regions reading order" id="ro_1527351632028">
<RegionRefIndexed index="0" regionRef="r2"/>
</OrderedGroup>
</ReadingOrder>
<TextRegion custom="readingOrder {index:0;}" id="r2" orientation="0.0">
<Coords points="938,533 938,2693 4002,2693 4002,533"/>
<TextLine custom="readingOrder {index:0;}" id="r2l1">
<Coords points="2168,627 2195,628 2223,629 2251,630 2279,631 2307,631 2334,633 2362,634 2390,634 2418,636 2446,637 2473,638 2501,639 2529,640 2557,642 2585,643 2612,645 2640,647 2668,648 2696,650 2724,651 2724,557 2696,556 2668,554 2640,553 2612,551 2585,549 2557,548 2529,546 2501,545 2473,544 2446,543 2418,542 2390,540 2362,540 2334,539 2307,537 2279,537 2251,536 2223,535 2195,534 2168,533"/>
<Baseline points="2168,596 2195,597 2223,598 2251,599 2279,600 2307,600 2334,602 2362,603 2390,603 2418,605 2446,606 2473,607 2501,608 2529,609 2557,611 2585,612 2612,614 2640,616 2668,617 2696,619 2724,620"/>
<TextEquiv>
<Unicode>Audience </Unicode>
</TextEquiv>
</TextLine>
<TextLine custom="readingOrder {index:1;}" id="r2l2">
<Coords points="2403,762 2430,764 2458,765 2485,767 2513,769 2541,774 2541,680 2513,675 2485,673 2458,671 2430,670 2403,668"/>
<Baseline points="2403,731 2430,733 2458,734 2485,736 2513,738 2541,743"/>
<TextEquiv>
<Unicode>Du </Unicode>
</TextEquiv>
</TextLine>
<TextLine custom="readingOrder {index:2;}" id="r2l5">
<Coords points="1023,823 2264,889 2343,894 2421,898 2500,901 2579,903 2657,906 2736,908 2815,910 2893,912 2972,914 3051,915 3129,917 3208,918 3287,920 3365,920 3444,921 3523,924 3601,925 3680,927 3759,929 3759,838 3680,836 3601,834 3523,833 3444,830 3365,829 3287,829 3208,827 3129,826 3051,824 2972,823 2893,821 2815,819 2736,817 2657,815 2579,812 2500,810 2421,807 2343,803 2264,798 1023,732"/>
<Baseline points="1032,830 1110,834 2343,864 2421,868 2500,871 2579,873 2657,876 2736,878 2815,880 2893,882 2972,884 3051,885 3129,887 3208,888 3287,890 3365,890 3444,891 3523,894 3601,895 3680,897 3759,899"/>
<TextEquiv>
<Unicode>Vendredi vingt neuf Janvier mil huit cent cinquante huit.</Unicode>
</TextEquiv>
</TextLine>
<TextLine custom="readingOrder {index:3;}" id="r2l8">
<Coords points="1003,956 2028,1019 2130,1023 2232,1027 2334,1030 2436,1034 2538,1036 2640,1038 2742,1040 2844,1041 2947,1043 3049,1044 3151,1044 3253,1046 3355,1047 3457,1047 3559,1049 3661,1050 3763,1053 3865,1055 3968,1058 3968,967 3865,964 3763,962 3661,959 3559,958 3457,956 3355,956 3253,955 3151,953 3049,953 2947,952 2844,950 2742,949 2640,947 2538,945 2436,943 2334,939 2232,936 2130,932 2028,928 1003,865"/>
<Baseline points="1017,958 1119,964 2130,993 2232,997 2334,1000 2436,1004 2538,1006 2640,1008 2742,1010 2844,1011 2947,1013 3049,1014 3151,1014 3253,1016 3355,1017 3457,1017 3559,1019 3661,1020 3763,1023 3865,1025 3968,1028"/>
<TextEquiv>
<Unicode>Siégeant : Monsieur Larouette, vice président du Conseil </Unicode>
</TextEquiv>
</TextLine>
<TextLine custom="readingOrder {index:4;}" id="r2l9">
<Coords points="1011,1134 1158,1135 1306,1138 1454,1141 1602,1144 1750,1146 1898,1149 2046,1153 2194,1155 2342,1159 2490,1162 2637,1165 2785,1168 2933,1171 3081,1174 3229,1177 3377,1180 3525,1182 3673,1185 3821,1188 3969,1189 3969,1095 3821,1094 3673,1091 3525,1088 3377,1086 3229,1083 3081,1080 2933,1077 2785,1074 2637,1071 2490,1068 2342,1065 2194,1061 2046,1059 1898,1055 1750,1052 1602,1050 1454,1047 1306,1044 1158,1041 1011,1040"/>
<Baseline points="1011,1103 1158,1104 1306,1107 1454,1110 1602,1113 1750,1115 1898,1118 2046,1122 2194,1124 2342,1128 2490,1131 2637,1134 2785,1137 2933,1140 3081,1143 3229,1146 3377,1149 3525,1151 3673,1154 3821,1157 3969,1158"/>
<TextEquiv>
<Unicode>de Prud’hommes du Département de la Sein pour l’industrie </Unicode>
</TextEquiv>
</TextLine>
<TextLine custom="readingOrder {index:5;}" id="r2l11">
<Coords points="964,1247 1996,1286 2100,1288 2204,1291 2308,1293 2412,1295 2515,1297 2619,1298 2723,1300 2827,1301 2931,1303 3034,1305 3138,1307 3242,1309 3346,1310 3450,1312 3553,1313 3657,1316 3761,1318 3865,1321 3969,1324 3969,1228 3865,1225 3761,1222 3657,1220 3553,1217 3450,1216 3346,1214 3242,1213 3138,1211 3034,1209 2931,1207 2827,1205 2723,1204 2619,1202 2515,1201 2412,1199 2308,1197 2204,1195 2100,1192 1996,1190 964,1151"/>
<Baseline points="918,1227 1021,1230 2100,1256 2204,1259 2308,1261 2412,1263 2515,1265 2619,1266 2723,1268 2827,1269 2931,1271 3034,1273 3138,1275 3242,1277 3346,1278 3450,1280 3553,1281 3657,1284 3761,1286 3865,1289 3969,1292"/>
<TextEquiv>
<Unicode>des tissus. Présidant l’audience en remplacement de Monsieur Biétry </Unicode>
</TextEquiv>
</TextLine>
<TextLine custom="readingOrder {index:6;}" id="r2l13">
<Coords points="947,1379 2189,1424 2282,1424 2375,1426 2468,1427 2561,1429 2654,1429 2747,1430 2840,1432 2933,1433 3026,1435 3119,1436 3212,1438 3305,1439 3398,1441 3491,1444 3584,1445 3677,1448 3770,1450 3863,1453 3957,1456 3957,1360 3863,1357 3770,1354 3677,1352 3584,1349 3491,1348 3398,1345 3305,1343 3212,1342 3119,1340 3026,1339 2933,1337 2840,1336 2747,1334 2654,1333 2561,1333 2468,1331 2375,1330 2282,1328 2189,1328 947,1283"/>
<Baseline points="994,1366 1087,1367 2282,1392 2375,1394 2468,1395 2561,1397 2654,1397 2747,1398 2840,1400 2933,1401 3026,1403 3119,1404 3212,1406 3305,1407 3398,1409 3491,1412 3584,1413 3677,1416 3770,1418 3863,1421 3957,1424"/>
<TextEquiv>
<Unicode>Président du dit Conseil empêche pour cause légitime, Stritter, Trépied, </Unicode>
</TextEquiv>
</TextLine>
<TextLine custom="readingOrder {index:7;}" id="r2l15">
<Coords points="1002,1508 2297,1565 2383,1568 2469,1570 2555,1571 2641,1573 2727,1573 2813,1573 2899,1574 2985,1574 3072,1574 3158,1574 3244,1576 3330,1576 3416,1577 3502,1579 3588,1581 3674,1583 3760,1587 3846,1591 3933,1595 3933,1498 3846,1494 3760,1490 3674,1486 3588,1484 3502,1482 3416,1480 3330,1479 3244,1479 3158,1477 3072,1477 2985,1477 2899,1477 2813,1476 2727,1476 2641,1476 2555,1474 2469,1473 2383,1471 2297,1468 1002,1411"/>
<Baseline points="1029,1514 1115,1517 2383,1536 2469,1538 2555,1539 2641,1541 2727,1541 2813,1541 2899,1542 2985,1542 3072,1542 3158,1542 3244,1544 3330,1544 3416,1545 3502,1547 3588,1549 3674,1551 3760,1555 3846,1559 3933,1563"/>
<TextEquiv>
<Unicode>Vinceneux et Dubosc, Prud’hommes assistés de Monsieur Lecucq, </Unicode>
</TextEquiv>
</TextLine>
<TextLine custom="readingOrder {index:8;}" id="r2l16">
<Coords points="993,1685 1022,1687 1051,1687 1080,1688 1110,1688 1139,1690 1168,1690 1197,1691 1227,1692 1256,1693 1285,1694 1314,1694 1344,1694 1373,1696 1402,1696 1431,1694 1461,1694 1490,1693 1519,1693 1548,1692 2130,1687 2130,1590 1548,1595 1519,1596 1490,1596 1461,1597 1431,1597 1402,1599 1373,1599 1344,1597 1314,1597 1285,1597 1256,1596 1227,1595 1197,1594 1168,1593 1139,1593 1110,1591 1080,1591 1051,1590 1022,1590 993,1588"/>
<Baseline points="993,1653 1022,1655 1051,1655 1080,1656 1110,1656 1139,1658 1168,1658 1197,1659 1227,1660 1256,1661 1285,1662 1314,1662 1344,1662 1373,1664 1402,1664 1431,1662 1461,1662 1490,1661 2106,1658 2135,1657 1578,1658"/>
<TextEquiv>
<Unicode>secrétaire du dit Conseil. </Unicode>
</TextEquiv>
</TextLine>
<TextLine custom="readingOrder {index:9;}" id="r2l18">
<Coords points="990,1944 2149,1967 2244,1969 2338,1970 2433,1972 2528,1972 2622,1973 2717,1973 2811,1975 2906,1975 3001,1975 3095,1975 3190,1975 3284,1975 3379,1975 3474,1975 3568,1975 3663,1975 3757,1975 3852,1975 3947,1976 3947,1879 3852,1878 3757,1878 3663,1878 3568,1878 3474,1878 3379,1878 3284,1878 3190,1878 3095,1878 3001,1878 2906,1878 2811,1878 2717,1876 2622,1876 2528,1875 2433,1875 2338,1873 2244,1872 2149,1870 990,1847"/>
<Baseline points="1022,1926 1116,1929 2244,1937 2338,1938 2433,1940 2528,1940 2622,1941 2717,1941 2811,1943 2906,1943 3001,1943 3095,1943 3190,1943 3284,1943 3379,1943 3474,1943 3568,1943 3663,1943 3757,1943 3852,1943 3947,1944"/>
<TextEquiv>
<Unicode>Entre Mademoiselle Aline Dumont, fille majeure, ouvrière, </Unicode>
</TextEquiv>
</TextLine>
<TextLine custom="readingOrder {index:10;}" id="r2l19">
<Coords points="967,2099 1984,2108 2090,2110 2196,2110 2302,2108 2409,2108 2515,2108 2621,2108 2727,2108 2833,2108 2940,2107 3046,2107 3152,2107 3258,2107 3364,2107 3471,2107 3577,2107 3683,2107 3789,2107 3895,2107 4002,2107 4002,2010 3895,2010 3789,2010 3683,2010 3577,2010 3471,2010 3364,2010 3258,2010 3152,2010 3046,2010 2940,2010 2833,2011 2727,2011 2621,2011 2515,2011 2409,2011 2302,2011 2196,2013 2090,2013 1984,2011 967,2002"/>
<Baseline points="977,2061 1083,2061 2090,2078 2196,2078 2302,2076 2409,2076 2515,2076 2621,2076 2727,2076 2833,2076 2940,2075 3046,2075 3152,2075 3258,2075 3364,2075 3471,2075 3577,2075 3683,2075 3789,2075 3895,2075 4002,2075"/>
<TextEquiv>
<Unicode>demeurant à Paris, rue Serpente, numéro trente quatre ; Demanderesse ; </Unicode>
</TextEquiv>
</TextLine>
<TextLine custom="readingOrder {index:11;}" id="r2l21">
<Coords points="938,2246 1090,2246 1243,2246 1396,2246 1549,2246 1702,2245 1855,2243 2007,2243 2160,2242 2313,2240 2466,2240 2619,2239 2772,2239 2925,2237 3077,2237 3230,2237 3383,2237 3536,2239 3689,2240 3842,2242 3995,2245 3995,2148 3842,2145 3689,2143 3536,2142 3383,2140 3230,2140 3077,2140 2925,2140 2772,2142 2619,2142 2466,2143 2313,2143 2160,2145 2007,2146 1855,2146 1702,2148 1549,2149 1396,2149 1243,2149 1090,2149 938,2149"/>
<Baseline points="938,2214 1090,2214 1243,2214 1396,2214 1549,2214 1702,2213 1855,2211 2007,2211 2160,2210 2313,2208 2466,2208 2619,2207 2772,2207 2925,2205 3077,2205 3230,2205 3383,2205 3536,2207 3689,2208 3842,2210 3995,2213"/>
<TextEquiv>
<Unicode>Comparant ; D’une part ; Et Monsieur et Madame Michel-Poiret, </Unicode>
</TextEquiv>
</TextLine>
<TextLine custom="readingOrder {index:12;}" id="r2l22">
<Coords points="974,2393 1124,2393 1275,2393 1426,2393 1577,2392 1728,2392 1878,2392 2029,2390 2180,2390 2331,2389 2482,2388 2632,2387 2783,2386 2934,2386 3085,2386 3236,2384 3386,2384 3537,2384 3688,2384 3839,2386 3990,2386 3990,2289 3839,2289 3688,2287 3537,2287 3386,2287 3236,2287 3085,2289 2934,2289 2783,2289 2632,2290 2482,2291 2331,2292 2180,2293 2029,2293 1878,2295 1728,2295 1577,2295 1426,2296 1275,2296 1124,2296 974,2296"/>
<Baseline points="974,2361 1124,2361 1275,2361 1426,2361 1577,2360 1728,2360 1878,2360 2029,2358 2180,2358 2331,2357 2482,2356 2632,2355 2783,2354 2934,2354 3085,2354 3236,2352 3386,2352 3537,2352 3688,2352 3839,2354 3990,2354"/>
<TextEquiv>
<Unicode>le dit sieur Michel tant en sont nom personnel que pour assister </Unicode>
</TextEquiv>
</TextLine>
<TextLine custom="readingOrder {index:13;}" id="r2l23">
<Coords points="960,2530 1110,2530 1261,2531 1412,2531 1562,2530 1713,2530 1864,2530 2014,2528 2165,2527 2316,2527 2467,2525 2617,2524 2768,2522 2919,2521 3069,2519 3220,2518 3371,2516 3521,2516 3672,2515 3823,2513 3974,2512 3974,2415 3823,2416 3672,2418 3521,2419 3371,2419 3220,2421 3069,2422 2919,2424 2768,2425 2617,2427 2467,2428 2316,2430 2165,2430 2014,2431 1864,2433 1713,2433 1562,2433 1412,2434 1261,2434 1110,2433 960,2433"/>
<Baseline points="960,2498 1110,2498 1261,2499 1412,2499 1562,2498 1713,2498 1864,2498 2014,2496 2165,2495 2316,2495 2467,2493 2617,2492 2768,2490 2919,2489 3069,2487 3220,2486 3371,2484 3521,2484 3672,2483 3823,2481 3974,2480"/>
<TextEquiv>
<Unicode>et autoriser la dame son épouse, la dite dame Lingère, demeurant </Unicode>
</TextEquiv>
</TextLine>
<TextLine custom="readingOrder {index:14;}" id="r2l24">
<Coords points="963,2680 1113,2684 1264,2687 1415,2690 1566,2692 1716,2692 1867,2693 2018,2692 2169,2692 2319,2692 2470,2690 2621,2689 2772,2687 2922,2686 3073,2684 3224,2684 3375,2683 3525,2683 3676,2683 3827,2683 3978,2684 3978,2587 3827,2586 3676,2586 3525,2586 3375,2586 3224,2587 3073,2587 2922,2589 2772,2590 2621,2592 2470,2593 2319,2595 2169,2595 2018,2595 1867,2596 1716,2595 1566,2595 1415,2593 1264,2590 1113,2587 963,2583"/>
<Baseline points="963,2648 1113,2652 1264,2655 1415,2658 1566,2660 1716,2660 1867,2661 2018,2660 2169,2660 2319,2660 2470,2658 2621,2657 2772,2655 2922,2654 3073,2652 3224,2652 3375,2651 3525,2651 3676,2651 3827,2651 3978,2652"/>
<TextEquiv>
<Unicode>et domiciliée à Vaugirard, rue de l’École, numéro soixante treize </Unicode>
</TextEquiv>
</TextLine>
<TextEquiv>
<Unicode>Audience 
Du 
Vendredi vingt neuf Janvier mil huit cent cinquante huit.
Siégeant : Monsieur Larouette, vice président du Conseil 
de Prud’hommes du Département de la Sein pour l’industrie 
des tissus. Présidant l’audience en remplacement de Monsieur Biétry 
Président du dit Conseil empêche pour cause légitime, Stritter, Trépied, 
Vinceneux et Dubosc, Prud’hommes assistés de Monsieur Lecucq, 
secrétaire du dit Conseil. 
Entre Mademoiselle Aline Dumont, fille majeure, ouvrière, 
demeurant à Paris, rue Serpente, numéro trente quatre ; Demanderesse ; 
Comparant ; D’une part ; Et Monsieur et Madame Michel-Poiret, 
le dit sieur Michel tant en sont nom personnel que pour assister 
et autoriser la dame son épouse, la dite dame Lingère, demeurant 
et domiciliée à Vaugirard, rue de l’École, numéro soixante treize </Unicode>
</TextEquiv>
</TextRegion>
</Page>
</PcGts>