4608 3072
1085 225 3851 333 Défendeurs ; Comparant ; D’autre part ; Point de fait - Par lettre
1091 340 3842 457 du secrétaire du Conseil de Prud’hommes du Département de la Seine
1082 465 3851 582 en date du onze Janvier mil huit cent cinquante huit la demoiselle
1091 588 3854 710 Dumont fit citer les époux Michel-Poiret à comparaitre par devant
1098 717 3848 834 le dit conseil séant en Bureau Particulier les mardi douze et samedi
1082 848 3878 969 seize Janvier mil huit cent cinquante huit pour se concilier si faire
1073 978 3881 1098 se pouvait sur la demande qu’elle entendait former contre eux devant
1064 1105 3899 1217 le dit Conseil  en paiement de la somme de vingt cinq francs vingt centimes
1079 1234 3905 1356 qu’elle prétend lui être dus pour prix de travaux par elle fait pour leur
1082 1365 3914 1485 compte et sur leurs ordres de la dame Michel. Les défendues n’ayant
1085 1498 3935 1614 pas comparu la cause fit renvoyée devant le Bureau Général du dit Conseil
1094 1629 3920 1753 séant le vendredi vingt deux Janvier mil huit cent cinquante huit et
1079 1759 3944 1891 ajourné au vendredi vingt neuf mil huit cent cinquante huit. Cités pour le
1079 1891 3947 2017 dit jour vingt neuf Janvier les époux Michel-Poiret comparurent.
1052 2028 3950 2154 A l’appel de la cause la demoiselle Dumont se présenta et conclut à ce
1071 2167 3953 2295 qu’il plut au Bureau Général dudit Conseil attendu qu’ayant travaillé
1052 2308 3962 2433 pour la dame Michel-Poiret, cette dernière l’a payé régulièrement
1058 2440 3971 2572 jusqu’au trois septembre dernier ; attendu qu’a partir de ce jour elle
1058 2577 3995 2716 cessa de la payer pendant trois semaines, après lesquelles elle lui déclara
1058 2733 3944 2853 qu’ayant eu son terme payer elle ne pouvait lui solder le prix
1074 2862 3972 3001 de ses trois semaines en une seule fois ; qu’elle lui paierait le travail
