4608 3072
1391 567 3728 690 de chaque semaine à venir et lui donnerait des à comptes sur
1943 677 3743 796 l’arriéré ; attendu que la dame Michel n’avait
1379 788 3755 911 donné sur le compte de travail restant du et qu’elle lui redoit à la
1385 902 3755 1026 somme de vingt cinq francs vingt cinq centimes. Par ces motifs –
1397 1016 3779 1134 Condamner les époux Michel-Poiret à lui payer solidairement  et
1394 1140 3764 1250 avec intérêts suivant la loi la somme de vingt cinq francs vingt cinq
1358 1248 3779 1363 centimes pour prix de travaux par elle faits  pour leur compte et sur
1361 1362 3788 1479 les ordres de la dame Michel-Poiret et les condamner en outre aux
1392 1479 3789 1589 dépens. De leur coté les époux Michel-Poiret se présentèrent et
1361 1595 3791 1712 conclurent à ce qu’il plut au Bureau Général  du dit Conseil attendu
1377 1710 3812 1832 que la demoiselle Dumont a été régulièrement payée de son travail
1383 1824 3806 1947 de chaque semaine qu’a aucune époque il n’a été laissé aucun
1389 1937 3803 2061 arriéré ainsi que le constatera son livre de travail ou les articles par
1361 2061 3810 2186 elle confectionnés sont écrits de la main de la dame Michel qui a
1365 2169 3813 2306 mis le mot payé au bas de chaque page. Par ces motifs  ; Déclarer
1379 2292 3822 2412 la demoiselle  Dumont non recevable en sa demande l’en
1383 2402 3833 2532 débouter comme mal fondée en icelle et la condamner aux dépens.
1361 2519 3846 2657 Point de droit - Devait-on condamner les époux Michel-Poiret
1386 2640 3846 2783 à payer solidairement et avec intérêts suivant la loi à la demoiselle
1394 2816 3843 2898 Dumont la somme de vingt cinq francs vingt cinq centimes pour prix
