4608 3072
1346 215 3800 369 de travaux par elle faits pour leur compte et d’après les ordres de
1344 314 3803 482 la dame Michel-Poiret ? Ou bien devait-on conformément aux
1320 430 3806 600 conclusions des défendeurs déclarer la demoiselle Dumont non
1329 537 3819 699 recevable en sa demande ? Que devait-il être statué à ‘égard des dépens ?
1323 660 3740 802 Après avoir entendu les parties en leurs demandes et conclusions
1301 768 3788 907 respectivement et en avoir délibéré conformément à la loi ; attendu
1308 886 3734 1020 qu’il résulte  de l’examen du libre de l’ouvrière lequel a été
1314 999 3819 1129 reconnu par la dame Michel-Poiret pour être celui sur lequel elle
1293 1114 3828 1243 portait chaque article confectionné par le demoiselle Dumont qu’à
1299 1234 3756 1356 partir du trois septembre dernier il s’y trouve porté trois notes
1307 1351 3831 1467 d’articles confectionnés par la demanderesse ; que le prix
1292 1462 3831 1579 des articles y est également  porté que contrairement à la déclaration
1283 1579 3825 1698 de la dame Michel-Poiret, le mot payé ne se trouva pas porté au
1280 1696 3825 1813 bas de ces notes ; attendu que ces trois notes réunies forment bien
1283 1818 3855 1927 le montant de la somme réclamée par la demoiselle Dumont ; attendu
1266 1944 3852 2044 encore que les époux Michel-Poiret ne peuvent justifier en aucune
1251 2067 3771 2158 façon du paiement de ces notes de travail, ayant déclaré ne tenir
1263 2188 3846 2275 aucun livre de compte que celui laissé aux mains de l’ouvrière et auquel
1254 2299 3819 2391 ils ont continué de s’en rapporter ; Par ces motifs - Le Bureau
1260 2427 3783 2511 Général jugeant en dernier ressort - Condamner les époux
1275 2544 3816 2632 Michel-Poiret à payer solidairement et avec intérêts suivant
1216 2679 3803 2761 la loi à la demoiselle Dumont la somme de vingt cinq
1238 2794 3831 2881 francs vingt cinq centimes qu’ils lui doivent pour prix de
1233 2911 3831 3009 travaux faits par la demanderesse pour leur compte et d’après les
