4608 3072
1425 1248 3840 1366 ordres de la dame Michel-Poiret , Les condamne en outre aux
1413 1362 3873 1470 dépens taxés et liquidés envers la demanderesse à la somme de un franc
1392 1476 3849 1576 quatre vingts centimes, et à celle de soixante quinze centimes envers le
1403 1588 3861 1684 Trésor Public pour le papier timbré de la présente minute, conformément
1388 1704 3840 1794 à la loi du sept aout mil huit cent cinquante, ence, non compris le cout
1392 1816 3882 1917 du présent jugement, la signification d’celui et ses suites. Ainsi jugé
1387 1924 2484 2017 les jour, mois et an que dessus.
