4608 3072
1895 236 2943 324 Du dit jour vingt neuf Janvier
1067 347 3570 448 Entre Monsieur Hermann Denhard, ouvrier demeurant à
1056 450 3459 562 Paris, rue du Harlai, numéro six au marais ; Demandeur ;
1035 561 3612 693 Comparant ; D’une part ; et Monsieur Roguer, Tapissier, demeurant
1035 677 3522 796 et domicilié à Paris, rue du point aux Champs, numéro treize ;
1026 802 3600 913 Défendeur ; Défaillant ; D’autre part ; Point de fait –
1047 915 3642 1043 Par lettre du secrétaire du Conseil de Prud’hommes du Département
1029 1038 3627 1149 de la Seine pour l’industrie du tissus en date des Mardi cinq et
1020 1150 3648 1270 Mercredi six Janvier mil huit cent cinquante huit Denhard fit
1014 1279 3651 1389 citer Roguer à comparaitre par devant le dit Conseil séant en Bureaux
1020 1405 3645 1501 Particuliers les Mercredi six, Samedi seize et lundi dix huit Janvier
1017 1527 3660 1621 mil huit cent cinquante huit pour se concilier si faire se pouvait sur
996 1651 3657 1744 la demande qu’il entendait former contre lui devant le dit Conseil
998 1777 3666 1867 en paiement de la comme de quatorze francs qu’il doit pour
1010 1902 3680 1994 prix de travaux par lui faits pou son compte, d’après ses ordres
1023 2029 3653 2119 et dans ses ateliers. Roguer n’ayant pas comparu la cause fut
1013 2155 3683 2249 renvoyée devant le Bureau Général du dit Conseil séant le
995 2281 3687 2374 vingt deux Janvier mil huit cent cinquante huit et ajourné au Vendredi
965 2404 3681 2506 vingt neuf Janvier même mois. Cité à comparaître le dit jour vingt
975 2533 3699 2633 neuf Janvier par exploit de Fontaine, huissier à Paris, en date du
989 2671 3699 2770 vingt cinq janvier mil huit cent cinquante huit, vis » pour timbre
1011 2788 3711 2897 et enregistré à Paris, le vingt six Janvier mil huit cent cinquante
990 2922 3687 3028 huit, en délier de soixante dix centimes, folio cinquante trois,
