4608 3072
1122 809 3525 951 case neuf signés : L Drevon Roguer ne comparu pas. A l’appel de
1143 921 3537 1058 la cause Denhard se présenta et conclu à ce qu’il plut au Bureau
1134 1035 3543 1169 Général du dit Conseil donner défaut contre Roguer non comparant
1109 1145 3519 1280 ni personne pour lui quoique dument appelé et pour le profit le
1116 1262 3528 1398 condamner à lui payer avec intérêts suivant la loi la somme de
1133 1382 3546 1518 quatorze francs qu’il lui doit pour prix de travaux par lui faits
1098 1500 3540 1638 pour son compte, d’après ses ordres et dans ses ateliers, plus une indemnité
1092 1611 3549 1749 pour le préjudice de perte de temps qu’il lui a fait éprouver en ne
1130 1733 3546 1865 comparaissant pas devant les Bureaux du Conseil et les dépens.
1137 1847 3552 1988 Point de droit - Devait-on donner défaut contre Roguer non
1112 1970 3555 2105 comparant ni personne pour lui quoique dument appelé et pour le profit
1098 2081 3552 2213 adjuger au demandeur les conclusion par lui précédemment prises ?
1091 2199 3540 2324 Que devait-il être statué à l’égard des dépens ? Après avoir entendu
1101 2319 3561 2444 Denhard en ses demandes et conclusion et en avoir délibéré conformément
1119 2435 3561 2558 à la loi ; attendu que la demande de Denhard paraissait juste et fondée ;
1103 2553 3585 2675 Que d’ailleurs elle n’est pas contestée par Roguer non comparant
1026 2673 3558 2790 ni personne pour lui quoique dument appelé ; attendu qu’en ne
1098 2798 3579 2891 comparaissant pas devant les Bureaux du Conseil Roguer a
