4608 3072
1145 133 4014 283 causé un préjudice de perte de temps, ce qu’il doit réparer.
1137 265 3917 406 Par ces motifs - le Bureau Général jugeant en dernier ressort –
1130 397 4022 532 Donne défaut contre Roguer non comparant ni personne pour
1115 522 3983 660 lui quoique dument appelé ; Et adjugeant le profit du dit défaut ;
1136 660 4047 786 Condamner Roger à payer avec intérêts suivant la loi à Denhard
1104 794 4035 910 la somme de quatorze francs qu’il lui doit pour prix de travaux
1052 935 4034 1040 par lui faits pour son compte, d’après ses ordres et dans ses ateliers,
1104 1065 4077 1169 plus une indemnité de neuf francs pour temps perdu ; Le condamne
1115 1191 4014 1301 en outre aux dépens taxés et liquidés en vers le demandeur à la
1128 1329 4079 1439 somme de deux francs quarante six centimes, et à celle de un francs
1101 1464 4091 1573 quarante centimes envers le Trésor Public pour le papier timbré
1118 1597 4079 1709 de la présente minute, le papier timbré et l’enregistrement de la
1107 1732 4119 1841 citation, conformément à la loi du sept aout mil huit cent cinquante huit,
1097 1860 4077 1983 ence, non compris le cout du présent jugement, la signification d’celui
1095 2001 4098 2123 et ses suites. Et vu les articles 437 du code de procédure civilise, 27 et 42
1088 2139 4061 2264 du décret du onze juin 1809 pour signifier au défendeur le présent
1067 2277 4139 2412 jugement, Comme Fontaine, l’un de ses huissiers audiencier.
1037 2438 3044 2568 Ainsi jugé les jour, mois et an que dessus.
