4608 3072
1941 504 3377 651 Du dit jour vingt neuf Janvier
795 623 4121 791 Entre monsieur Pierre Parissot, ouvrier demeurant à Paris,
746 761 4143 940 rue des Carmes, numéro quinze ; Demandeur ; Comparant ; D’une
711 923 4013 1091 part ; Et Madame veuve Ducoudin, maitresse de lavoir,
725 1073 4149 1235 demeurant et domiciliée à Paris, rue Pierre Levée, numéro quatre
735 1227 4149 1392 et six ; Defenderesse ; Défaillant ; D’autre part ; Point de fait –
699 1391 4122 1534 Par lettre du secrétaire du Conseil de Prud’homme du le Département
731 1541 4016 1690 de la Seine pour l’industrie des tissus en date des mardi douze et
717 1702 4097 1838 mercredi treize Janvier mil huit cent cinquante huit Parissot fit citer
701 1867 4167 1997 la veuve Ducoudin à comparaître par devant le dit Conseil séant les
729 2017 4128 2147 Mercredi treize et samedi seize Janvier mil huit cent cinquante huit
701 2186 4119 2305 pour se concilier si faire se pouvait sur la demande qu’il entendait
750 2329 4154 2462 former contre elle devant le dit conseil en délai de congé conformément
695 2489 4194 2620 à l’usage et liquidé qui veulent que les fabricants comme ceux qu’ils emploient
680 2654 4097 2800 se préviennent réciproquement un certain laps de temps à l’avance
