4608 3072
1001 132 3756 249 afin de ne pas se nuire mutuellement. La veuve Ducoudin n’ayant
948 249 3753 364 pas comparu la cause fut renvoyé devant le Bureau Général du dit Conseil
975 367 3699 476 séant le vendredi vingt deux janvier mil huit cent cinquante huit
984 492 3792 616 ajourné au vingt neuf janvier même mois. Cité à comparaitre
975 620 3762 734 le dit jour par exploit de Fontaine huissier à Paris
980 743 3780 861 en date du vingt deux janvier mil huit cent cinquante huit visé pour
957 875 3789 988 timbre et enregistré à Paris, le vingt trois Janvier mil huit cent cinquante
971 1003 3792 1106 huit en délier de soixante cinq centimes, folio quarante neuf, case un
956 1134 3753 1236 signé : L. Drevon la veuve Ducoudin ne comparut pas. A
962 1254 3810 1372 l’appel de la cause Parisot se présenta et conclut à ce qu’il plut au
956 1392 3822 1511 Bureau Général du dit Conseil donne défaut contre la veuve Ducoudin
942 1520 3816 1631 non comparante et personne pour elle quoique dument appelée et
942 1647 3810 1768 pour le profit la condamner à lui payer avec intérêts suivant la loi la
927 1788 3828 1899 somme de vingt quatre francs pour indemnité, à raison de quatre francs
870 1927 3819 2037 par jour de la semaine de congé qu’elle ne lui a pas laissé faire ainsi
921 2059 3834 2170 que c’est l’usage et la condamner aux dépens. Point de droit - Devait-
909 2188 3846 2317 on donner défaut contre la veuve Ducoudin non comparante ni personne
876 2331 3849 2448 pour elle quoique dument appelée et pour le profit adjuger au demandes et
923 2470 3816 2584 les conclusions par lui précédemment prises ? Que devait-il être
936 2598 3849 2718 statué à l’égard des dépens ? Après avoir entendu Parrisot en ses
911 2737 3842 2865 demandes et conclusions et en avoir délibéré conformément à la loi
914 2872 3836 3000 attendu que la demande de Parrisot parait juste et donnée ; que d’ailleurs
