4608 3072
1187 620 3689 747 elle n’est pas contestée par la veuve Ducoudin non comparante ni
1163 731 3689 860 personne pour elle quoique dument appelée ; Par ces motifs - Le
1182 849 3698 971 Bureau Général jugeant en dernier ressort ; Donne défaut contre
1199 965 3692 1091 la veuve Ducoudin non comparante n personne pour elle quoique
1193 1083 3713 1202 dument appelée ; Et adjugeant le profit du dit défaut condamner
1176 1197 3710 1313 la veuve Ducoudin à à payer avec intérêts suivant la loi à Parrisot
1167 1317 3725 1433 la somme de vingt quatre francs à titre d’indemnité du préjudice
1148 1439 3731 1566 qu’elle lui a causé en le congédiant instantanément, sans motif, en dehors
1184 1556 3746 1677 de l’usage et de l’équité qui veulent que les fabricants comme ceux qu’ils emploient
1190 1674 3746 1793 se préviennent réciproquement quelque temps à l’avance avant de se quitter ; La
1166 1796 3752 1910 condamne en outre aux dépens taxé et liquidé en vers le demandeur à la somme
1193 1919 3737 2034 de deux francs quarante six centimes et à celle de un franc quartent cinq centimes
1170 2043 3749 2156 le Trésor Public pour le papier timbré de la présente minute, le papier timbré
1160 2160 3750 2282 et l’enregistrement de la citation, conformément à la loi du sept aout mil
1154 2282 3755 2409 huit cent cinquante, ence, non compris le cout du présent jugement, la
1143 2405 3768 2525 signification d’celui et ses suites. Et vu les articles 435 du code de procédure civile, 27
1164 2528 3777 2655 et 42 du décret du onze juin 1809 pour signifier à la défenderesse le présent jugement, commet Fontaine,
1142 2676 3125 2775 l’un de ses huissiers audienciers. Ainsi jugé les jour, mois et an que dessus.
