4608 3072
2130 450 3003 559 Du dit jour vingt neuf Janvier
1433 530 3696 668 Entre Mademoiselle Elisa Bailly, fille majeure, ouvrière,
1431 626 3642 764 demeurant à Paris, rue de la Boucherie, numéro vingt neuf
1398 726 3701 858 (gros laillon) ; Demanderesse ; Comparant ; D’une part ; Et
1428 837 3705 964 Monsieur Durand, tailleur d’habits, demeurant et domicilié
1403 946 3731 1064 à Paris, rue Réboutit, numéro huit ; Défendeur ; Défaillant ;
1404 1052 3734 1161 D’autre part ; Point de fait - Par lettre du secrétaire du Conseil de
1418 1165 3698 1271 Prud’hommes du Département de la Seine pour l’industrie
1398 1274 3729 1371 des tissus en date du Mardi vingt six  Janvier mil huit cent
1383 1388 3752 1474 cinquante huit la demoiselle Bailly fit citer Durand à comparaitre
1379 1497 3719 1576 par devant le dit Conseil séant en Bureau Particulier le mercredi
1403 1603 3746 1685 vingt sept Janvier mil huit cent cinquante huit pour se concilier
1404 1708 3747 1793 si faire se pouvait sur la demande qu’elle entendait forme contre
1395 1816 3722 1904 lui devant le dit Conseil en paiement de trente six francs
1388 1922 3756 2009 cinquante centimes qu’il lui doit pour prix de travaux par elle faits
1400 2032 3788 2122 pour son compte et d’après ses ordres. Durand n’ayant pas comparu
1391 2137 3815 2234 la cause fut renvoyé devant le Bureau Général du dit Conseil séant le
1409 2251 3815 2347 Vendredi vingt neuf Janvier mil huit cent cinquante huit. Cité pour le
1397 2363 3794 2462 dit jour vingt neuf janvier Durand ne comparut pas. A l’appel
1386 2468 3833 2581 de la cause la demoiselle Bailly se présenta et conclut à ce qu’il plus
1371 2585 3798 2695 au Bureau Général du dit Conseil donner défaut contre Durand
1355 2698 3833 2815 non comparant ni personne pour lui quoique dument appelé et pour l
1368 2799 3833 2934 e profit le condamner à lui payer avec intérêts suivant la loi le
1719 2927 3744 3043 somme de trente six francs cinquante centimes qu’il lui doit pour
