4608 3072
1322 1075 3642 1161 prix de travaux par elle faits pour son compte, d’après ses ordres et
1304 1178 3648 1271 dans ses ateliers, plus une indemnité pour le préjudice de perte de
1289 1285 3606 1372 temps qu’il lui a fait éprouver en ne comparaissant pas devant les
1298 1390 3641 1477 Bureaux du Conseil et les dépens. Point de droit - Devait-on donner
1313 1499 3668 1587 défaut contre Durand non comparant ni personne pour lui quoique dument
1307 1602 3662 1695 appelé et pour le profit adjuger à la demanderesse les conclusion par
1298 1705 3626 1808 elle précédemment prises ? Que devait-il être statué à l’égard des
1313 1814 3638 1912 dépens ? Après avoir entendu la demoiselle Bailly en ses demandes et
1313 1918 3659 2023 conclusions et en avoir délibéré conformément à la loi ; attendu que la
1323 2026 3665 2138 demande de la demoiselle Bailly est juste et fondée ; que
1298 2129 3698 2251 d’ailleurs elle n’est pas contestée par Durand non comparant ni
1280 2248 3695 2368 personne pour lui quoique dument appelé ; attendu qu’en ne se comparaissant
1286 2344 3647 2483 pas devant les Bureaux du Conseil Durand a causé à la demoiselle
1298 2455 3662 2597 Bailly un préjudice de perte de temps, ce qu’il doit réparer ; Par ces
1305 2563 3578 2711 motifs - Le Bureau Général jugeant en dernier ressort –
1326 2680 3726 2816 Donne défaut contre Durand non comparant ni personne pour
1317 2830 3663 2930 lui quoique dument appelé ; Et adjugeant le profit du dit défaut
