4608 3072
461 874 1121 941 ci-devant rue saint
443 941 1223 1019 Nicolas d’Antin, numéro
449 1016 941 1085 quarante deux
395 1794 1250 1879 visé pour timbre et enregistré à
389 1922 1250 2021 mil huit cent cinquante huit,
401 1863 1194 1959 Paris, le vingt huit Janvier
390 1992 1227 2088 folio 16, case 4, verso
413 2062 1184 2155 délier un franc soixante centimes,
386 2228 1056 2317 signé L. Drevon
2034 272 3024 377 Du dit jour vingt neuf Janvier
1277 380 3785 509 Entre mademoiselle Madeleine Ravel, ouvrière, demeurant à
1271 502 3803 629 Paris, passage du soleil, numéro seize ; Demanderesse ;
1250 628 3815 743 Comparant ; D’une part ; Et Mademoiselle Marie Mérel,
1250 745 3815 866 lingère, demeurant et domiciliée à Paris rue de Provence, numéro
1274 862 3815 988 soixante onze ; Defenderesse ; Défaillante ; D’autre part ;
1250 982 3833 1114 Point de fait - Par lettre du secrétaire du Conseil de prud’hommes
1266 1106 3830 1232 du département de la seine pour l’industrie des tissus en date du
1250 1222 3836 1359 lundi mil huit cent cinquante huit la demoiselle Ravel
1250 1346 3842 1485 fit citer la demoiselle à comparaitre par-devant Mérel à comparaître
1250 1465 3860 1597 par devant le dit Conseil séant en Bureau Particulier le mardi dix neuf
1250 1588 3842 1731 Janvier mil huit cent cinquante huit pour se concilier si faire se pouvait
1250 1721 3836 1843 sur la demande qu’elle entendait former  contre elle devant le dit conseil
1250 1851 3830 1967 en déclaration de jugement commun entre elle et le sieur Mérel
1280 1952 3867 2095 Fontaine. La demoiselle Mérel n’ayant pas comparu la cause fut renvoyé
1250 2069 3863 2227 devant le Bureau Général du dit Conseil séant le vendredi vingt deux
1250 2197 3860 2356 janvier mil huit cent cinquante huit et ajournée au vendredi vingt
1250 2321 3873 2471 neuf janvier même mois. Suivant exploit de Fontaine, huissier
1250 2437 3876 2606 pour le tribunal civil de premier instance de la seine, audiencier
1250 2600 3873 2743 aux Conseil de prud’hommes de la Seine, la demoiselle Ravel  fit
