4608 3072
1235 357 3843 520 signifier à la demoiselle Mérel et remettre et remettre à la
1191 480 3876 635 demoiselle Mérel copie d’une jugement du Conseil de Prud’hommes
1221 605 3879 744 de la Seine pour l’industrie du tissus séant à PAris, en date du vingt
1239 732 3872 861 sept novembre dernier, enregistré et expédié, portant condamnation
1253 860 3876 978 à son profit contre Monsieur et Madame Mérel-Fontaine de la
1239 984 3894 1099 somme de trois cent trente quatre francs cinquante centimes, de principal
1235 1111 3891 1207 et indemnité, outre intérêts et frais ; à fin qu’elle n’en ignore, et l’a fait
1233 1230 3909 1336 citer à comparaître vendredi vingt neuf janvier mil huit cent cinquante
1215 1352 3882 1447 sept huit par devant le Bureau Général du dit Conseil de Prud’hommes
1217 1475 3857 1568 pour, attendu que la demoiselle Ravel ayant voulu suivant procès
1226 1601 3849 1693 verbal du ministère di dut Fontaine en date du quatorze Janvier
1245 1721 3924 1818 mil huit cent cinquante huit, pour obtenir paiement des condamnations
1233 1840 3908 1946 prononcées par le jugement sus énoncé, faire procéder à la saisie
1244 1961 3929 2065 exécution des meubles et marchandises garnissant le domicile de ses
1232 2080 3938 2191 débiteurs, Mademoiselle Marie Mérel s’est formellement opposée
1232 2203 3869 2323 à cette saisie sous le prétexte qu’elle était propriétaire exclusive des
1217 2323 3932 2453 mêmes meubles et marchandises aux termes d’un acte de vente passé
1220 2444 3956 2576 devant Maître Courot et son collègue notaire à Paris, le quatorze juillet
1221 2564 3947 2711 dernier ; attendu que sa créance pour cause le prix de certains travaux
1221 2690 3921 2846 exécutés par elle tout récemment, dans tous les cas biens après le
1229 2819 3902 2984 quatorze juillet dernier, date de l’acte de vente allégué par la
