4608 3072
2247 660 2987 735 Du jour huit Janvier
1728 752 3603 831 Entre Monsieur Pierre Lebec, homme de peine,
1730 845 3744 927 demeurant à Montmartre près Paris, rue Cholasé,
1733 938 3731 1015 numéro seize ; Demandeur ; Comparant ; D’une part ;
1692 1025 3735 1107 Et monsieur Gérin, fabricant passementier, demeurant
1706 1134 3762 1213 et domicilié à Montmartre,  rue du Château des Brouillards,
1707 1229 3737 1306 numéro treize ; Défendeur ; Défaillant ; D’autre part ;
1724 1318 3752 1396 Point de fait – Par lettre du secrétaire du Conseil de Prud’homme
1718 1412 3701 1491 du Département de la Seine pour l’industrie des tissus, en date,
1715 1505 3684 1584 à Paris, des samedi dix neuf et lundi vingt un
1712 1595 3749 1680 Décembre mil huit cent cinquante sept Lebec fit citer
1733 1686 3755 1777 Gérin à Comparaitre par devant le dit Conseil de Prud’hommes
1709 1776 3767 1878 séant en Bureau Particulier les Lundi vingt un et mardi
1709 1866 3743 1969 vingt deux Décembre mil huit cent cinquante sept pour se
1707 1950 3758 2061 concilier si faire se pouvait sur la demande qu’il entendait
1737 2045 3752 2170 former contre lui devant le dit Conseil en paiement de la
1739 2140 3701 2264 somme de trente huit francs qu’il lui doit pour prix
1721 2237 3737 2363 de travaux par lui faits pour son compte et d’après ses
1706 2337 3740 2458 ordres. Gérin n’ayant pas comparu la cause fut renvoyé
1719 2421 3746 2557 devant le Bureau Général du dit Conseil séant le
1725 2536 3770 2671 jeudi vingt quatre Décembre mil huit cent cinquante
