4608 3072
1191 452 3744 566 demoiselle Marie Marie Mérel ; que par conséquent si cette
1187 575 3753 684 dernière est réellement propriétaire du fond de lingerie depuis le
1164 694 3764 797 quatorze juillet dernier il s’en suit que tout les travaux fait à partir
1170 813 3738 918 de cette époque l’ont été pour son compte, qu’elle en a profité et que
1155 926 3807 1039 partant elle en doit le prix ; Par ces motifs - Ouïr dire la défenderesse
1182 1052 3795 1153 que le jugement rendu le vingt sept novembre dernier contre les sieurs
1181 1179 3816 1270 et dame Mérel-Fontaine lui sera déclaré commun ; s’entendre  en
1145 1298 3773 1384 conséquence, condamner ç payer la somme  à principal intérêt et  frais
1178 1412 3812 1506 des condamnations portées au juge dernier jugement du vingt sept novembre
1169 1530 3803 1629 dernier ; Ouir dire aussi que le jugement à intervenir sera exécutoire
1137 1647 3809 1753 par provision, nonobstant appel et sans qu’il soit besoin pour pelle de
1182 1773 3824 1875 fournir caution conformément à l’article quatorze la loi du premier
1163 1885 3827 2005 juin mil huit vent cinquante trois. A l’appel de la cause la demoiselle
1172 2004 3830 2130 Marie Mérel ne comparut pas. De son coté la demoiselle Ravel
1184 2134 3830 2255 se présenta et conclut à ce qu’il plut au Bureau Général du dit Conseil
1176 2252 3851 2362 donner défaut contre la demoiselle Marie Mérel  non comparant ni
1185 2364 3719 2502 personne pour elle quoique dument appelé et pour le profit déclarer
1154 2489 3863 2625 commun à la demoiselle Marie Mérel le jugement rendu le vingt
1175 2607 3878 2758 sept novembre dernier contre les époux Mérel-Fontaine ; En conséquence
1188 2744 3815 2886 condamne la demoiselle Marie Mérel à lui payer avec intérêts
