4608 3072
623 1441 1356 1533 Jusqu’à concurrence
635 1518 1364 1620 de deux cents francs
608 1634 1280 1728 renvoi approuvé
1394 294 3821 408 suivant la loi le montant en principal intérêts et frais des condamnations
1389 405 3827 524 portées au dit jugement ; Dire aussi que le jugement à intervenir sera
1395 513 3824 625 exécutaire par provision, nonobstant un appel et sans qu’il soit besoin
1389 626 3833 741 par elle de fournir caution , conformément à l’article quatorze de la
1389 738 3833 849 loi du premier juin mil huit cent cinquante trois et la condamne en outre
1389 854 3833 966 aux dépens. Point de droit - Devait-On donner défaut contre
1407 965 3839 1084 la demoiselle Marie Mérel non comparante ni personne pour
1406 1082 3860 1191 elle quoique dument régulièrement quoique dument appelée et pour
1394 1196 3866 1305 le profit adjuger à la demanderesse les conclusions par elle précédemment
1415 1311 3860 1426 prises ? Que devrait-il être statué à l’égard des dépens. Après  avoir
1398 1428 3878 1542 entendu la demoiselle Ravel en ses demandes et conclusions et en
1389 1542 3875 1656 avoir délibéré conformément à la loi ; attendu que la demande de la
1409 1656 3890 1774 demoiselle Ravel parait juste et fondée ; d’ailleurs elle n’est pas
1394 1779 3899 1893 contestée par la demoiselle Mérel non comparante ni personne pour elle
1389 1893 3897 2016 régulièrement quoique dument appelée ; Par ces motifs = Le Bureaux
1389 2022 3911 2133 Général jugeznt en premier ressortv ; Donne défaut contre la demoiselle
1416 2136 3909 2262 Marie Mérel non comparante ni  personne pour elle
1389 2264 3908 2381 Quoique dument appelée ;Et adjugeant le profit du dit défaut
1403 2394 3926 2502 déclare commun à la demoiselle Marie Mérel le jugement
1389 2517 3930 2626 rendu le vingt sept novembre dernier contre les époux Mérel-
1407 2636 3932 2745 Fontaine au profit de la demoiselle Ravel ; En conséquence
1389 2753 3938 2871 condamner la demoiselle Mérel à payer à la dite demoiselle
1389 2879 3927 2995 Ravel le montant en principal indemnité , intérêts et frais
