4608 3072
1362 1058 3702 1161 des condamnations portées au jugement du vingt sept novembre
1365 1172 3699 1260 dernier ; Ordonne l’exécution provisoire du présent jugement
1371 1285 3717 1376 par provision, nonobstant appel jusqu’à convenir sans qu’il
1350 1399 3717 1488 soit besoin par la demanderesse de fournir caution conformément
1347 1507 3714 1592 à l’article quatorze de la loi du premier juin mil huit cent cinquante
1370 1625 3732 1703 trois ; Condamne la demoiselle Marie Mérel aux dépens taxés
1341 1733 3711 1812 et liquidés envers la demanderesse à la somme de trois francs autre
1343 1847 3716 1922 vingt six centimes, et à celle de deux francs soixante centimes envers
1356 1961 3741 2037 le Trésor Public pour le papier timbré de la présent minute,
1334 2069 3728 2150 le papier timbré et l’enregistrement de la citation, conformément à la
1325 2179 3737 2265 loi du sept aout mil huit cent cinquante, ence, non compris le cout du présent
1322 2290 3734 2373 jugement, la signification d’celui et ses suites. Et vu les articles 435 du
1286 2390 3729 2498 code de procédure civile, 27 et 42 du décret du onze juin 1809, pour signifier à la
1323 2503 3755 2610 défenderesse le présent jugement, commet Fontaine, l’un de ses huissier
1325 2641 3287 2724 audiences. Ainsi jugé les jour, mois et an que dessus.
