4608 3072
2081 287 2934 377 Du dit jour vingt neuf janvier
1355 380 3732 480 Entre madame Marie Thérèse […], épouse assistée et
1332 477 3756 588 autorisée du sieur Jules Alexandre Yékiche,
1313 585 3747 697 et ce dernier, la dite dame exerçant la profession de lingère, demeurant et
1337 696 3780 804 domiciliés ensemble, les dits époux, à Paris, rue Tesnouy Popimcourt,
1328 807 3747 911 numéro cinq ; Demandeurs ; Comparant ; D’une part ; Et
1377 920 3774 1025 Madame veuve Bouquet, demeurant  à Paris, rue Geoffroy
1326 1034 3723 1131 saint Hilaire, numéro vingt trois, agissant au nom et comme
1338 1148 3789 1242 chargée de l’administration de la personne et des biens de sa fille
1298 1269 3800 1354 mineure Maria Bouquet, apprentie ; Défenderesse ; Défaillante ;
1305 1380 3813 1464 D’autre part ; Point de fait - Par lettre du secrétaire du conseil
1334 1484 3833 1587 de Prud’hommes du Département de la Seine pour l’industrie
1295 1603 3848 1706 des tissus en date du Lundi vingt un septembre mil huit cent cinquante
1314 1705 3782 1824 sept les époux Yékiche firent citer la veuve Bouquet ès noms
1319 1817 3863 1943 qu’elle agit, à Comparaître par-devant le dit Conseil séant en Bureau
1271 1924 3806 2066 Particulier le mardi vingt deux septembre mil huit cent cinquante
1301 2041 3797 2184 sept pour se concilier si faire se pouvait sur la demande qu’ils
1301 2159 3848 2304 entendaient former contre elle devant le dit conseil en exécution de
1284 2272 3824 2427 Convention verbale d’apprentissage consentie pour la mineure
1301 2380 3860 2553 Maria Bouquet. A l’appel de la cause les époux Yékiche se
1281 2497 3875 2678 présenter et exposèrent au Conseil que suivant convention verbale
1308 2615 3861 2805 intervenue entre eux et la veuve Bouquet le quinze octobre mil huit
1292 2748 3851 2927 cent cinquante cinq la veuve Bouquet a placé sa fille mineure
1572 2849 3873 3044 Maria chez eux en qualité d’apprentie pour trois année à partir
