4608 3072
1332 1011 3726 1103 du dit jour, à la charge par eux de la nourrir et loger pendant toute
1310 1125 3731 1211 la durée de l’apprentissage. Il fit également convenu que celle des
1301 1237 3725 1325 parties qui n’exécuterait pas la dite convention serait passible
1322 1346 3737 1432 d’une indemnité fixé à la somme de trois cent francs. De son
1328 1453 3734 1547 coté la veuve Bouquet se présenta et exposa au Conseil que la
1325 1561 3755 1667 jeune apprentie est constamment employée à nettoyer les chaussures
1301 1669 3734 1775 de sa maîtresse et aux soins du ménage ; qu’on la fait travailler
1313 1786 3756 1891 de six heures du matin à neuf et six heure du soir, quelque fois
1298 1900 3768 2011 même jusqu’à minuit ; que l’apprentie ayant mal à la main le
1298 2011 3743 2138 Docteur défendit qu’elle mit les mains dans l’eau ; que malgré cette
1331 2125 3791 2248 défense on l’employa à laver la vaisselle ; que l’apprentie fut frappée
1305 2230 3791 2363 que l’ayant mise coucher avec une jeune fille trouvée dans les rues elle
1307 2353 3815 2489 gagna une maladie cutanée (La gale). Les époux Yékiche exposèrent
1307 2465 3809 2601 au Conseil que lorsque l’apprentie rapporta la gale de chez sa mère elle n’avait
1295 2559 3824 2727 pu la gagner de la jeune fille qui n’est entrée chez eux  qu’en octobre mil huit
1325 2665 3824 2833 cent cinquante six lorsque la maladie s’était déclarée en Juillet de la même
1338 2787 3785 2966 année. Le Bureau Particulier engagea la veuve Bouquet à faire
