4608 3072
624 1178 1349 1266 Dire et ordonner que
630 1272 1374 1354 dans le jour du jugement
612 1378 1356 1454 à intervenir la dame
612 1460 1344 1532 veuve Bouquet sera
621 1554 1349 1625 tenue de faire rentrer
612 1647 1392 1711 sa fille dans leurs ateliers
603 1732 1343 1802 pour y continuer son
612 1820 1349 1883 apprentissage, sinon
614 1903 1380 1975 et faute par elle de ce
584 1991 1334 2064 faire dans le dit jour
1440 244 3876 408 rentrer sa fille chez les époux Yékiche sous la réserve expresse qu’elle
1410 363 3870 508 ne sera occupée qu’aux travaux de son état, qu’elle ne  travaillera pas
1413 472 3867 616 au delà des heures foxées par la lois sur l’apprentissage, sinon à
1434 585 3870 724 payer las comme de trois cent francs à  aux termes de la convention
1422 698 3867 842 verbale d’apprentissage. La veuve Bouquet déclara préférer
1374 823 3870 947 payer la somme de trois cent francs en trois termes : cent francs
1412 933 3897 1065 le quinze janvier, cent francs le quinze avril et cent francs le
1403 1048 3891 1182 quinze aout mil huit cent cinquante huit.  Les époux Yékiche
1419 1164 3846 1279 ayant consenti à recevoir la somme de trois cents francs aux trois
1415 1286 3894 1409 époques cidessus fixées la cause fut conciliée. La dame veuve
1404 1397 3912 1529 Bouquet n’ayant pas satisfait au premier de ces paiement les époux
1410 1521 3897 1641 Yékiche la firent de nouveau appelée à comparaître pardevant le dit Bureau
1451 1642 3906 1758 Particulier du Conseil séant le Lundi dix huit janvier mil huit cent
1416 1756 3909 1881 cinquante huit. La veuve Bouquet n’ayant pas comparu la cause fut
1404 1876 3918 1996 renvoyée devant le Bureau Général du dit Conseil séant le vendredi
1410 1999 3924 2113 vingt deux Janvier mil huit cent cinquante huit et ajouré au vendredi
1400 2133 3923 2233 vingt neuf janvier même mois. Cité à comparaître le dit jour vingt cinq
1409 2254 3929 2353 Janvier par exploit de Fontaine huissier à Paris, en date du vingt cinq
1391 2377 3947 2479 janvier mil huit cent cinquante huit, visé pour timbre et enregistrement à
1386 2497 3944 2608 Paris, le vingt six Janvier mil huit cent cinquante huit, en délier de
1371 2631 3963 2730 un franc vingt cinq centimes, folio cinquante quatre case trois, signé : L Drevon
1403 2753 3957 2853 la veuve Bouquet ne comparut pas. A l’appel de la cause les époux
1367 2875 3954 2981 Yékiche se présentèrent et concluent à ce qu’il plut au Bureau Général
