4608 3072
641 1026 1376 1093 Dire en outre que le
653 1096 1394 1163 jugement à intervenir sera
590 1169 1379 1232 exécutaire par provision
623 1236 1364 1308 nonobstant appel et sans
635 1296 1388 1372 qu'il soit besoin pour eux de
638 1372 1418 1448 fournir caution, conformément
653 1447 1364 1515 à la loi du premier juin
629 1513 1379 1588 mil huit cent cinquante trois
684 1593 1290 1651 renvoi approuvé
1431 769 3825 891 du dit Conseil donner défaut contre la veuve Bouquet ès nom qu’elle
1434 889 3819 1000 agit, non comparante ni personne pour elle quoique dument appelée
1425 1005 3825 1111 et pour le profit résilier la convention verbale d’apprentissage
1430 1113 3828 1222 du quinze octobre mil huit cent cinquante six ; Et pour le tort que
1428 1221 3831 1335 leur cause cette résiliation condamner la veuve Bouquet à leur
1418 1364 3845 1433 payer intérêts suivant la loi la somme de trois cents francs, et la condamne
1418 1456 3858 1560 en outre aux depens. Point de droit ) Devait-on donner défaut contre
1418 1575 3849 1660 la veuve Bouquet non comparante et personne pour elle quoique dument
1418 1696 3849 1776 appelée et pour le profit adjuger au demandeurs les conclusions par
1418 1810 3843 1888 eux précédemment prises ? Que devait-il être statué à l’egard des
1418 1929 3848 2007 dépens ? Après avoir entendu les époux Yékiche en leurs demandes et
1418 2044 3867 2124 conclusions et en avoir délibéré conformément à la loi ; attendu que la
1418 2164 3867 2250 demande des époux Yékiche parait juste et donnée ; que d’ailleurs elle n’est
1418 2284 3869 2367 pas contestée par la veuve Bouquet non comparant ni personne pour elle
1418 2400 3867 2487 quoique dument appelé ; Par ces mots - Le Bureau Général jugeant en
1418 2515 3870 2602 premier ressort ; donne défaut contre la veuve Bouquet non comparante
1418 2640 3888 2728 ni personne pour elle quoique dument appelée ; Et adjugeant le profit
1418 2767 3884 2862 du dit défaut ; Dit et ordonne que dans les vingt quatre heures de la
