4608 3072
1284 157 3891 297 signification du présent jugement la dame veuve Bouquet sera tenue de
1235 276 3900 410 faire rentrer a fille chez les époux Yékiche pour y continuer son apprentissage
1280 390 3876 518 aux termes de la convention verbale du quinze octobre mil huit cent cinquante
1271 511 3861 637 six, sinon et faut par elle de ce faire la convention verbale dont s’agit
1296 635 3882 748 sera et demeurera résolu ; Et pour le tors que l’inexécution de cette
1313 750 3885 868 convention cause aux époux Yékiche Condamne dès a présent
1224 902 3884 979 la veuve Bouquet à leur payer avec intérêts selon la loi la somme
1305 1012 3857 1106 de trois cent francs ; Ordonne l’exécution provisoire du présent
1308 1125 3921 1228 jugement, nonobstant appel jusqu’à concurrence de deux cents francs,
1271 1246 3899 1348 nonobstant appel et sans qu’il soit besoin par les demandeurs de fournir
1271 1366 3894 1474 caution, conformément à l’article quatorze de la loi du premier juin
1263 1486 3905 1597 mil huit cent cinquante trois ; Condamner la veuve Bouquet  aux
1287 1600 3890 1711 dépens  taxés et liquidés en vers les demandeurs à la somme de de trois
1274 1717 3926 1850 francs trente six centimes, et à celle de deux francs vingt cinq centimes
1265 1838 3953 1970 envers le Trésor Public pour le papier timbré de la présent minute, le
1280 1955 3959 2101 papier timbré et l’enregistrement de la citation, conformément à la loi
1278 2070 3905 2222 du sept aout mil huit cent cinquante, ence, non compris le cout du
1263 2191 3989 2345 présent jugement, la signification d’icelui et ses suites. Et vu les articles
1296 2319 3959 2473 435 du code de procédure civile, 27 et 42 du décret du onze juin 1809 pour
1290 2437 3948 2599 signifier à la défenderesse le présent jugement, commet Fontaine, l’un de ces
1283 2566 3722 2719 huissiers audiences. Ainsi jugé les jour, mois et an que dessus.
