4608 3072
1821 1105 2868 1212 Du dit vingt neuf Janvier
1002 1218 3822 1336 Entre Madame Elisa Lavour, épouse assistée et autorisée du
1005 1338 3834 1459 sieur Nicolas Didier, et ce dernier, la dite dame exerçant  la profession
972 1474 3837 1589 de fleuriste, demeurant, les dits époux, à Paris rue Notre Dame Nazarette,
947 1596 3783 1714 numéro soixante cinq ; Demandeurs ; Comparant ; D’une part ;
981 1732 3861 1847 Et Monsieur Vieille, demeurant à Paris, rue des écluses saint Martin,
950 1870 3870 1972 numéro quarante cinq, agissant au nom et comme chargé de l’administration
950 2001 3786 2101 des biens et de la personne de sa fille mineure Elisa Vieille, apprentie ;
968 2131 3824 2236 Défendeur ; Défaillant ; D’autre part ; Point de fait - Par lettre
954 2263 3848 2369 du secrétaire du Conseil de Prud’hommes du Département de la Seine
915 2392 3836 2507 pour l’industrie des tissus en date du Samedi vingt huit novembre
902 2523 3860 2642 mil huit cent cinquante sept les époux Didier firent citer Vieille
924 2692 3879 2795 à comparaître pardevant le Conseil de Prud’hommes du Département
