4608 3072
1140 100 4014 247 de la Seine  pour l’industrie des tissus séant en bureau particulier le
1113 231 4068 365 lundi trente novembre mil huit cent cinquante sept pour se
1104 370 4005 495 concilier si faire se pouvait sur la demande qu’ils entendaient former
1137 498 4014 622 contre lui devant le dit Conseil en exécution de convention verbale
1116 630 4002 764 d’apprentissage consentie pour trois années du temps de sa fille à
1139 765 4013 898 partir  du premier septembre mil huit cent sept.
1109 905 4046 1036 A l’appel de la cause les époux Didier se présentèrent et exposèrent que
1142 1042 4040 1169 suivant convention verbale en date du premier septembre dernier la
1121 1177 4049 1308 mineure Elisa Vieille leur fut donnée en apprentissage par son père
1130 1315 4070 1446 pour trois année : les deux premières année sans outre charges
1148 1460 4088 1584 pour les époux de lui enseigner la profession d’ouvriers fleuriste et
1130 1594 4076 1722 la troisième année l’apprentie devait etre nourrie et couchée
1127 1736 4091 1862 chez eux. De son coté Viéville dit connaitre au Conseil qu’à la
1100 1879 4100 2003 vérité il a placé sa fille pour trois année, moyennant la nourriture
1088 2023 4110 2141 pendant toute la durée de la troisième année mais qu’il n’a jamais
1079 2161 4115 2289 consenti à la laisser coucher ; qu’à la condition qu’elle  reviendra coucher
1064 2303 4109 2436 chez lui consentir à lui laisser terminer son apprentissage.
1118 2446 4127 2576 Le bureau fit d’avis que l’apprentissage de la mineure Vieille
1140 2587 4134 2714 devait se continuer, l’apprentie retournant chez lui tous les soirs
1140 2732 4137 2859 et se rendant tous les matins à l’atelier à l’atelier à l’heure ordinaire de
1119 2869 4158 3014 l’ouverture. Les parties ayante accepté cette proposition de conciliation
