4608 3072
1260 798 3441 915 la cause fut conciliée. Vieille n’ayant pas fait rentrer sa fille
1242 911 3456 1027 aux terme de la conciliation les époux Didier le firent de nouveau appeler
1266 1019 3447 1120 à comparaître pardevant les Bureaux Particuliers du Conseil des
1239 1122 3477 1234 Mardi huit et Mercredi vingt trois Décembre mil huit cent cinquante
1260 1230 3450 1332 huit. Au Bureau Particulier du vingt trois Décembre Viéville
1260 1344 3486 1444 se présenta et déclara au Conseil qu’il se refusait à replacer sa fille
1248 1454 3477 1554 chez les époux Didier parce qu’il recevaient chez eux des femmes dont
1236 1556 3489 1658 le langage et la conduite l’autorisaient à regarder leur maison comme
1227 1671 3480 1761 immorale et dangereuse pour une jeune personne. Le Bureau Particulier
1245 1785 3480 1870 confirmant l’avis précédent donné par le Bureau Particulier du treize
1230 1890 3495 1981 novembre dernier engagea Viéville à faire rentrer sa fille. Vieille
1230 2006 3488 2088 ayant refusé formellement de faire rentrer sa fille la cause fut
1199 2120 3489 2203 renvoyé devant le Bureau Général du dit Conseil séant le Jeudi
1202 2231 3488 2319 vingt quatre Décembre mil huit cent cinquante  sept et ajourné
1223 2339 3500 2433 de huitaine en huitaine au vendredi vingt neuf janvier mil huit cent cinquante
1235 2453 3510 2545 huit mil huit cent cinquante huit. Cité à comparaitre le dit jour vingt neuf
1227 2559 3504 2656 janvier par exploit de Fontaine, huissier à Paris, en date du vingt
1238 2672 3498 2775 sept janvier mil huit cent cinquante huit, cités pour timbre et
1233 2780 3510 2890 enregistré à Paris, le vit huit janvier mil huit cent cinquante huit
1214 2891 3497 3010 en délié de un franc vingt cinq centimes, folio cinquante six, case
