4608 3072
1361 163 3830 256 six, signés : L. Drevon, Vieille ne comparut pas. A l’appel
1376 269 3810 361 de la cause les époux Didier se présentèrent et conclurent à ce qu’il
1355 377 3824 468 plut au Bureau Général du dit Conseil donner défaut contre Vieille,
1380 492 3837 587 ès nom qu’il agit, non comparant ni personne pour lui quoique
1386 598 3855 698 dument appelé ; Et pour le profit attendu qu’il avait placé sa fille en
1398 710 3849 809 apprentissage chez eux pour trois années à partir du premier septembre
1370 817 3818 919 mil huit cent cinquante sept ; que depuis quelque temps, sans motifs
1370 934 3860 1033 plausible, Viéville à retiré sa fille et que malgré les nombreuses démarches
1367 1045 3785 1158 qu’ils ont faites ils n’ont pu parvenir à la faire réintégrer chez eux ;
1368 1153 3827 1278 Par ces motifs - Dire et ordonner que Viévillesera tenu de, dans
1404 1267 3842 1379 le jour du jugement à intervenir, faire rentrer sa fille dans leurs
1392 1387 3884 1505 ateliers pour u continuer son apprentissage, sinon résilier purement
1395 1501 3855 1616 et simplement la convention verbale d’apprentissage dont s’agit
1374 1614 3900 1733 et le condamner à leur payer avec intérêts suivant la loi la somme
1385 1722 3911 1847 de cinquante francs à titre de dommages-intérêts et le condamner
1398 1841 3842 1971 aux dépens ; Dire en outre que le jugement à intervenir sera
1391 1958 3884 2088 exécuté par provision, nonobstant appel et sans qu’il
1373 2071 3902 2207 soit besoin par eux de fournir caution, conformément à la loi du
1373 2185 3887 2324 premier juin mil huit cent cinquante trois. Point de droit –
1409 2321 3932 2435 Devait-on donner défaut contre Vieille non comparant ni personne
1382 2435 3902 2556 pour lui quoique dument appelé et pour le profit adjuger aux demandeurs
1416 2546 3914 2673 les conclusions par eux précédemment prises ? Que devait-il être
1400 2657 3932 2793 statué à l’égard des dépens ? Après avoir entendu les époux Didier
1409 2786 3893 2915 en leurs demandes et conclusions et en avoir délibéré conformément
1476 2902 3875 3036 à la loi ; attendu que la demande des époux Didier est juste et
