4608 3072
1419 1190 3810 1322 fondée ; que d’ailleurs elle n’est pas contestée par Viéville non
1395 1290 3732 1427 comparant ni personne pour lui quoique dument appelé ;
1413 1392 3843 1541 Par ces motifs – Le Bureau Général jugeant en premier ressort
1419 1515 3807 1644 Donne défaut contre Viéville non comparant ni personne pour
1415 1629 3779 1754 Lui quoique dument appelé ; Et adjuger le profit du dit défaut ;
1419 1743 3809 1856 Dit et ordonne que dans les vingt quatre heures qui suivront
1386 1848 3846 1970 la signification du présent jugement Viéville sera tenu de faire
1392 1968 3846 2079 rentrer sa fille dans les atelier des époux Didier pour y continuer
1374 2097 3807 2182 son apprentissage aux termes de la convention verbale du premier s
1413 2206 3852 2296 eptembre mil huit cent cinquante sept, sinon et faute par lui
1406 2322 3845 2406 de ce faire dans le dit délai et icelui passé le Condamner dès à
1377 2424 3861 2517 présent à payer aux époux Didier la somme de cinquante
1391 2544 3836 2634 francs à titre d’indemnité ; Dit que le présent jugement sera
1383 2654 3815 2748 exécutaire par provision, nonobstant appel et sans qu’il soit
1364 2765 3854 2864 besoin par les demandeurs de fournir caution, conformément
1410 2882 3863 2988 à l’article quatorze de la loi du premier mil huit cent cinquante
