4608 3072
1146 731 3948 927 trois ; Condamne Viéville aux dépens taxé et liquidés en vers
1134 864 3951 1053 les demandeurs à la somme de six francs trente six centimes et à
1164 1005 3954 1179 celle de deux francs vingt cinq centimes envers le Tésor Public
1128 1142 3969 1307 pour le papier timbré de la présente minute, le papier timbré et
1149 1279 3972 1436 l’enregistrement de la citation, conformément à la loi du sept aout
1137 1418 3966 1578 mil huit cent cinquante, ence, non compris le cout du présent jugement,
1140 1557 3981 1707 la signification d’icelui et ses suites. Et vu les articles 435 du code de
1104 1706 3996 1848 procédure civile, 27 et 42 du décret du onze juin 1809, pour signifier
1134 1847 4002 1986 au défendeur le présent jugement, commet Fontaine, l’un de ces
1154 2001 4008 2126 huissiers audiencier. Ainsi jugé les jour, mois et ans que dessus.
