4608 3072
1904 561 2717 658 Du dit jour vingt neuf Janvier
1343 657 3377 771 Entre Madame Marie René, veuve du sieur Louis
1316 754 3377 869 Emile Reymont, demeurant et domicilié à Paris, rue du faubourg
1298 854 3389 965 Saint Antoine, numéro trois, agissant au non et comme chargé de
1304 951 3380 1065 l’administration de la personne et des biens de son fils mineur,
1313 1055 3389 1169 Joseph Reymond, apprenti ; Demanderesse ; Comparant ; D’une
1301 1163 3395 1269 part ; Et Monsieur Louis Bonnefoy, tapissier, demeurant et
1331 1262 3398 1370 domicilié à Paris, rue des fossés saint Bernard, numéro six ;
1331 1366 3389 1465 Défendeur ; Comparant ; D’autre part ; Point de fait –
1310 1466 3407 1575 Par lettre du secrétaire du Conseil de Prud’hommes du Département
1313 1568 3407 1671 de la Seine pour l’industrie des tissus en date du Vendredi onze
1310 1665 3411 1778 Décembre mil huit cent cinquante sept Bonnefoy fit citer la dame
1319 1777 3428 1877 veuve Reymont à comparaître pardevant le dit Conseil séant en Bureau
1313 1892 3437 1986 Particulier le samedi douze Décembre mil huit cent cinquante sept
1287 1989 3429 2090 pour se concilier si faire se pouvait sur la demande qu’il entendait
1319 2088 3435 2195 former contre elle devant le dit Conseil en exécution de Convention verbale
1316 2186 3435 2295 d’apprentissage. A l’appel de la cause Bonnefoy se présenta et exposa au
1290 2290 3444 2400 Conseil que suivant convention verbale en date du premier juillet mil
1314 2393 3441 2508 huit cent cinquante sept la veuve Reymont a placé chez lui en tant
1308 2492 3450 2615 d’apprenti, son fils mineur Joseph pour deux ans et demis à partir du dit
1298 2598 3453 2718 jour ; que depuis quelques jours et sans motifs plausibles elle le lui a
1326 2694 3470 2820 retiré. De son coté la veuve Reymont se présenta et exposa au Conseil
1311 2803 3456 2931 qu’il n’a jamais consenti à laisser son fils chez Bonnefoy pendant deux ans
1325 2931 3378 3033 et demi, que les conventions ont été faite pour deux années ; que Bonnefoy
