4608 3072
1400 410 3578 522 l’employait tout le temps à faire des courses et à des travaux d’homme
1403 517 3593 623 de peine, ce qui avait déterminé chez l’enfant plusieurs maladies graves
1386 611 3593 719 elle avait cru pouvoir le retirer. Le Bureau Particulier fut d’avis que
1385 711 3566 819 le mineur Joseph Reymont devant rentrer chez Bonnefoy pour
1395 812 3600 915 y continuer son apprentissage pendant deux années à partir du jour
1394 911 3552 1014 de son entrée, que Bonnefoy ne devait l’employer qu’au travaux
1389 1012 3597 1113 de sa profession, jamais à porter des fardeaux ni trainer de voiture
1389 1124 3615 1212 ainsi qu’il l’a fait jusqu’à ce jour. Il fut d’avis aussi que si la dame
1397 1221 3570 1308 veuve Reymont s’opposait à la rentrée de son fils elle serait dans
1374 1327 3585 1409 ce cas tenue de payer à Bonnefoy la somme de centre francs à titre
1383 1432 3585 1514 de dommage-intérêts. Les parties ayant consenti à faire continuer
1373 1533 3603 1621 l’apprentissage dans les condition posées par le Bureau Particulier
1379 1638 3612 1732 la cause fut conciliée. Par lettre du secrétaire du dit conseil en date
1362 1744 3621 1834 du Mardi vingt six janvier mil huit cent cinquante huit la
1380 1844 3639 1941 dame veuve Reymont fit citer Bonnefoy à comparaître pardevant
1356 1954 3635 2040 le Bureau Particulier suant le Mercredi vingt sept janvier mil huit
1361 2059 3624 2143 cent cinquante huit pour se concilier sur la demande qu’elle entendait
1341 2167 3597 2250 former contre lui devant le dit Conseil en résolution des conventions
1341 2274 3627 2362 verbales d’apprentissage consenties pour son fils attendue que contrairement
1341 2387 3576 2468 à l’engagement pris devant le Bureau Particulier du douze
1341 2489 3654 2571 décembre dernier il a continué à employer son fils à porter des fardeaux
1350 2598 3642 2680 et à traîner la voiture. A l’appel de la cause le veuve Reymont se
1305 2709 3630 2790 présenta et exposa comme dessus. De son coté Bonnefoy se
1332 2824 3648 2907 présenta et exposa au conseil qu’il n’a jamais commandé l’apprentis
1359 2935 3636 3013 de traîner la voiture ni de porter aucun fardeau, que s’il l’a fait il n’a put
