4608 3072
1341 1381 3491 1535 en recevoir l’ordre que de ses ouvriers ou le faire de son propre mouvement ;
1362 1495 3518 1676 Demande la rentrée de l’apprenti ou cent francs d’indemnité. Le Bureau
1344 1642 3515 1778 Particulier dut d’avis que Bonnefoy ne s’étant pas renfermé dans les conditions
1371 1738 3501 1873 de la conciliation du douze Décembre dernier il y avait lui à rompre
1359 1839 3507 1972 l’apprentissage sans indemnité. Bonnefoy n’ayant pas consenti à la
1358 1942 3531 2071 rupture des conventions verbales d’apprentissage par la voie de conciliation
1341 2046 3516 2164 la cause fut renvoyée devant le Bureau Général du dit Conseil séant
1341 2149 3465 2258 le vendredi vingt neuf janvier mil huit cent cinquante huit. Cité
1341 2248 3480 2359 pour le dit jour vingt huit janvier Bonnefoy comparut. A l’appel
1349 2352 3537 2459 de la cause la veuve Reymond, ès nom qu’elle agit, se présenta et conclu
1346 2455 3522 2555 à ce qu’il plus au Bureau Général du dit Conseil attendu que depuis son
1331 2560 3534 2654 entrée en apprentissage chez Bonnefoy son fils n’a été employé qu’à des travaux
1298 2667 3516 2753 d’homme de peine ; attendu que nonobstant l’engagement pris devant
1316 2763 3479 2854 le Bureau Particulier du douze Décembre dernier de ne plus faire porter
1281 2877 3506 2957 de fardeaux ni traîner la voiture par l’apprenti, Bonnefoy n’en pas
