4608 3072
1151 611 3548 724 moins continué à le faire comme par le passé ; Par ces motifs –
1148 717 3554 831 Résilier les conventions verbales d’apprentissage du premier juillet mil huit
1125 830 3572 942 cent cinquante sept et condamner Bonnefoy aux dépens. De son
1124 934 3569 1053 coté Bonnefoy se présent et conclut à ce qu’il plus au Bureau Général
1145 1039 3578 1171 du dit Conseil attendu que depuis le douze décembre dernier, jour de la conciliation
1136 1150 3578 1282 il n’a ordonné à l’apprenti de porter ni traîner aucun fardeau, que
1137 1258 3593 1398 si l’apprenti s’est livré à ce travail il n’a consulté que sa volonté ; Par
1142 1373 3587 1511 ces motifs - Dire et ordonner que dans le jour du jugement à
1148 1486 3611 1623 intervenir le mineur Joseph Bonnefoy sera tenu de rentrer dans son
1145 1597 3611 1740 atelier pour y continuer son apprentissage, sinon et faute par lui de
1134 1709 3617 1863 ce faire et de sa mère de l’y contraindre condamner dès à présent la
1146 1831 3617 1980 veuve Reymont à lui payer avec intérêts suivant la loi la somme de
1163 1948 3617 2099 cent francs à titre de dommages-intérêts et la condamner en outre aux
1164 2059 3635 2219 dépens. Point de droit - Devait-on résilier purement et simplement
1170 2185 3650 2337 les conventions verbales d’apprentissage intervenues entre la veuve
1139 2296 3650 2459 Reymont et Bonnefoy le premier juillet mil huit cent cinquante
1143 2419 3677 2580 sept ? Ou bien devait-on conformément aux conclusion de Bonnefoy
1164 2530 3651 2705 ordonner que l’apprenti rentrerait chez ce dernier pour y continuer
1142 2657 3686 2829 son apprentissage, sinon et faute par la dame veuve Reymond de l’y
1142 2773 3689 2946 contraindre la condamner à payer à Bonnefoy la somme de cent francs
