4608 3072
1353 573 3534 661 à titre de d’indemnité ? Que devait-il être statué à l’égard des dépens ?
1340 662 3522 771 Après avoir entendu les parties en leurs demandes et conclusions respectivement
1368 769 3549 884 et en avoir délibéré conformément à la loi ; attendu que malgré les dires
1350 877 3534 975 des ouvriers entendus à titre de renseignement sur la demande de Bonnefoy
1341 982 3540 1073 que le conseil n’en reste pas moins convaincu que Bonnefoy a après la
1326 1083 3546 1174 conciliation du douze décembre dernier qui lui interdisait de, sous aucun
1362 1189 3543 1278 prétexte, employer l’apprenti à faire des courses, porter ou traîner des
1341 1292 3555 1380 fardeaux, non à por à continué comme par le passé à l’employer à ce genre
1350 1397 3551 1485 de service ; que c’est tellement vrai qu’il et obligé d’enregistrer la responsabilité
1334 1504 3554 1586 sur le compte de ses ouvriers qui, à son dire auraient ordonné les  travaux
1337 1608 3560 1696 si l’apprenti ne s’y est pas livré de sa propre volonté ; attendu que Bonnefoy
1334 1712 3563 1806 est forcé de reconnaitre qu’il a lui même ordonné à l’apprenti d’aller traîner
1341 1816 3578 1913 la voiture chez le loueur et de la reconduire après l’opération ; attendu que le
1323 1922 3557 2020 Conseil juge ces fait de nature à motiver la rupture de l’apprentissage
1316 2036 3572 2125 sans indemnité ; Par ces motifs - Le Bureau Général jugeant en premier
1316 2141 3590 2241 ressort ; Résilie la convention verbale d’apprentissage intervenue
1325 2257 3539 2350 entre la veuve Reymont pour son fils ; d’une part ; et Bonnefoy ;
1310 2361 3591 2458 D’autre part le premier juillet mil huit cent cinquante sept comme apprenti
1299 2472 3573 2575 du fait de Bonnefoy ; Déboute Bonnefoy de sa demande en indemnité
1310 2581 3579 2684 le condamne aux dépens taxés et liquidés envers la demanderesse à la
1299 2692 3594 2802 somme de soixante centimes, et à celle de deux francs envers le Trésor
