3072 4608
708 311 2766 394 compris le cout du présent jugement, la liquidation d’icelui et
716 404 2816 494 ses suites. Et vu les articles 435 du code de procédure civile,
695 497 2792 591 27 et 42 du décret du onze juin 1809 pour signifier au défendeur
684 601 2792 685 le présent jugement, Commet Fontaine, l’un de ses huissiers
705 687 2610 777 audienciers. Ainsi jugé les jour mois et an que dessus.
1296 1541 2145 1624 Du jour huit Janvier
675 1619 2817 1722 Entre Mademoiselle Adèle Mismaque, ouvrière demeurant à
657 1709 2769 1816 Saint Denis près Paris, rue de la Boulangerie, numéro vingt
645 1802 2795 1916 neuf ; Demanderesse ; Comparant ; D’u part ; Et Monsieur
678 1904 2768 2014 Cassal, treilleur de laine demeurant et domicilié à
648 1998 2790 2099 Saint Denis près de Paris, lieu dit la Briche ; Défendeur ;
645 2098 2766 2201 Défaillant ; D’autre part ; Point de fait ; Par lettre
657 2198 2760 2297 du secrétaire du Conseil de Prud’homme du Département
653 2291 2780 2396 de la Seine pour l’industrie du tissus, en date des jeudi dix
630 2388 2769 2492 et samedi douze Décembre mil huit cent cinquante sept la
621 2492 2661 2590 demoiselle Mismaque fit citer Cassal à comparaitre
642 2585 2757 2683 pardevant le conseil de Prud’hommes séant en Bureaux
639 2682 2802 2786 Particuliers les samedis douze et lundi quatorze Décembre
624 2778 2751 2881 mil huit cent cinquante sept  pour se concilier si faire se
621 2881 2784 2980 pouvait sur la demande qu’elle entend former contre lui
636 2979 2706 3074 devant le dit Conseil en paiement de la somme de quatorze
624 3072 2772 3179 francs qu’il lui doit pour travaux et sur celle de delai congé
609 3169 2778 3281 ou d’une indemnité pour cause de renvoi instantané et sans
606 3274 2745 3371 motif, Contrairement à l’usage et à l’égalité qui veulent
612 3375 2784 3466 que les fabricants comme ceux qu’il emploie se préviennent
600 3475 2748 3560 réciproquement un certain laps de temps à l’avance lorsqu’ils
596 3568 2778 3655 sont pour se quitter afin de ne pas se nuire mutuellement.
590 3669 2762 3758 Cassal n’ayant pas Comparu l’affaire fut renvoyé devant le
557 3766 2751 3854 Bureau Général du dit Conseil séant le vendredi dix huit
570 3867 2781 3958 Décembre mil huit cent cinquante sept et ajourné de huitaine
576 3970 2763 4057 en huitaine au vendredi huit janvier mil huit cent cinquante
543 4071 2796 4162 huit. Cité à comparaître le dit jour huit janvier par exploit de
546 4179 2781 4276 Fontaine huissier à Paris, en date du trente un Décembre
