4608 3072
2550 213 2973 301 Audience
2705 319 2837 392 du
1815 372 3678 514 Vendredi cinq Février mil huit cent cinquante huit
1796 474 3837 611 siégeaient : Messieur Biétry, officier de la légion
1782 565 3933 710 d’honneur, président du Conseil de Prud’hommes du
1791 663 3942 807 département de la seine pour l’Industrie des tissus, Marienval,
1781 772 3906 901 Adolphe, Michel, Soutag et Dubosc, Prud’hommes assistés de
1779 873 3450 994 Monsieur Lecucq, secrétaire du dit Conseil.
1791 1068 3936 1199 Entre Madame Désirée adélaïde Béalen, ouvrière,
1767 1172 3930 1301 épouse assistée et autorisée du sieur Charles Maillot, et ce dernier,
1773 1269 3911 1403 demeurant ensemble, les dits époux, à Passy près sParis, avenir Saint
1770 1377 3933 1500 Denis, numéro vingt un ; Demandeur ; Comparant ; D’une part ;
1742 1487 3942 1595 Et Madame veuve Ribon et Monsieur Duchesne son associé
1761 1586 3906 1699 tous deux blanchisseurs de linge, demeurants tous deux à Passy,
1752 1686 3945 1805 rue saint avenue saint Denis, numéro vingt sept, à Passy ; Défendeurs ;
1731 1794 3930 1899 Défaillant ; D’autre part ; Point de fait - Par lettre du secrétaire
1767 1896 3942 2007 du Conseil de Prud’hommes du Département de la Siene pour l’industrie
1757 2001 3942 2109 des tissus en date à Paris, du mardi deux neuf Janvier mil huit cent cinquante
1740 2103 3885 2207 huit les époux Maillot firent citer la veuve Ribon et Duchesne à
1728 2214 3948 2306 comparaître pardevant le dit Conseil de Prud’hommes séant en Bureaux
1743 2321 3914 2405 Particuliers les Mercredi vingt et samedi vingt trois Janvier mil huit
1734 2421 3905 2507 cent cinquante huit pour se concilier si faire se pouvait sur la demande
1740 2523 3900 2607 qu’ils entendaient former contre eux devant le dit Conseil en paiement
1734 2624 3927 2705 de la somme de cinquante trois francs trente cinq centimes  qu’ils leur doivent
1709 2729 3914 2814 pour prix de travaux faits par la dame Maillot pour leur compte, d’après
1736 2834 3893 2915 leurs ordres et dans leurs ateliers. Les défendeurs n’ayant pas comparu
