4608 3072
1422 268 3537 394 la cause fut renvoyée devant le Bureau Général du dit Conseil séant le
1404 365 3534 487 Vendredi neuf janvier mil huit cent cinquante huit et ajourné
1428 454 3546 584 au vendredi cinq février suivant mois. Cité à comparaître le dit jour
1407 558 3534 678 cinq Février par exploit de Potin, huissier à Paris en date du premier
1395 658 3558 775 Février mil huit cent cinquante huit, visé pour timbre et enregistré à Paris
1404 764 3561 869 Le deux Février mil huit cent cinquante huit, en délié de un franc soixante
1400 861 3558 971 centimes, folio soixante quatre, case neuf , signé : L. Drevon la dame
1413 967 3564 1067 veuve Ribon et Duchesne ne comparurent pas. A l’appel de la cause
1383 1070 3558 1160 les époux Maillot comparurent er conclurent à ce qu’il plut au Bureau
1380 1169 3576 1276 Général dudit Conseil donner défaut contre la veuve Ribon et Duchesne
1389 1275 3594 1383 non comparants ni personne pour eux quoique dument appelés ; Et pour
1371 1381 3567 1474 le profit du dit défait les condamner à leur payer solidairement et
1380 1486 3579 1576 avec intérêts suivant la loi la somme de cinquante trois francs trente
1347 1592 3585 1677 cinq centimes qu’ils leur doivent pour prix de travaux faits par la dame
1362 1700 3591 1785 Maillot pour leur compte et d’après leurs ordres, plus un indemnité
1340 1807 3587 1890 pour le préjudice de perte de temps qu’ils leur ont fait éprouver en ne comparant
1370 1915 3600 1996 pas devant les Bureaux du Conseil et les dépens. Point de droit - Devait-on
1358 2020 3600 2104 donner défaut contre la veuve Ribon et la dame Duchesne non comparants
1364 2133 3603 2211 ni personne pour eux quoique dument appelés et pour le profit adjuger
1367 2236 3599 2319 aux demandeurs les conclusions par eux précédemment prises ? Que
1358 2344 3602 2427 devait-il être statué à l’égard des dépens ? Après avoir entendu les époux
1361 2450 3608 2545 Maillot en leurs demandes et conclusions et en avoir délibéré conformément
1353 2557 3623 2653 à la loi ; attendu que la demande des époux Maillot parait juste et fondée ;
1344 2657 3636 2762 Que d’ailleurs elle n’est pas contestée par les défendeurs non comparants
1349 2762 3629 2872 ni personne pour eux quoique dument appelés ; attendu qu’en ne
