4608 3072
1434 1071 3489 1162 comparaissant pas devant les Bureaux du Conseil les défendeurs ont causé
1389 1170 3494 1261 aux époux Maillot un préjudice de perte de temps, ce qu’ils doivent réparer.
1383 1269 3485 1363 Par ces motifs - Le Bureau Général jugeant en dernier ressort - Donne
1383 1367 3482 1465 défaut contre la veuve Ribon et Duchesne non comparants ni personne
1383 1475 3497 1568 pour eux quoique dument appelés ; Et adjugeant le profit du dit défaut, condamner
1383 1572 3500 1672 la veuve Ribon et Duschenes à payer solidairement et avec intérêts
1383 1674 3500 1770 suivant la loi aux époux Maillot la somme de cinquante trois francs
1388 1770 3497 1870 trente cinq centimes  qu’ils leur doivent pour prix de travaux faits pas la
1383 1872 3504 1982 dame Maillot pour leur compte et d’après leurs ordres, plus une indemnité
1383 1970 3500 2080 de six francs pour temps perdu ; Les condamne solidairement aux
1383 2072 3513 2188 dépens taxés et liquidés en vers les demandeurs à la somme de quatre francs
1383 2176 3507 2283 cinquante deux centimes, et à celle de deux francs cinq centimes en vers le Trésor
1383 2278 3518 2390 Public pour le papier timbré de la présente minute, le papier timbré et
1383 2380 3513 2495 l’enregistrement de la citation, conformément à la loi du sept aout
1383 2483 3519 2601 mil huit cent cinquante, en ce, non compris le cout du pressent jugement
1383 2603 3534 2723 la signification d’icelui et ses suites. Et vu les articles 435 du code de
