4608 3072
2088 227 2892 329 Du dit jour cinq Février
1611 281 3453 434 Entre Monsieur Jules Crocher, ouvrier, demeurant à
1596 368 3543 524 Clichy la garenne près Paris, rue des Batignolles projetée, numéro
1590 462 3549 618 sept ; Demandeur ; Comparant ; D’une part ; Et monsieur Brision,
1551 558 3534 701 apprêteur sur Etoffes, demeurant et domicilié à Batignolles près Paris,
1587 649 3567 788 Cité des fleurs numéro trente neuf ; Défendeur ; Défaillant ; D’autre
1566 745 3558 875 part ; Point de fait - Par lettre du secrétaire du Conseil de Prud’hommes
1572 838 3555 962 du Département de la Seine pour l’industrie des tissus en date des lundi
1580 924 3564 1056 vingt cinq et Mardi vingt six Janvier mil huit cent cinquante huit Crocher
1583 1018 3576 1149 fit citer Brission à Comparaitre par devant le dit Conseil séant en Bureaux
1566 1114 3533 1234 Particuliers les Mardi vingt six et Mercredi vingt sept Janvier mil
1527 1204 3561 1323 huit cent cinquante huit pour se concilier si faire se pouvait sur la
1551 1301 3558 1419 demande qu’il entendait former contre lui devant le dit Conseil en
1548 1395 3528 1504 paiement de la somme de cent quarante francs pour un mois de travail
1548 1496 3551 1598 qu’il a fait dans ses ateliers d’après ses ordres. Brision n’ayant pas
1566 1578 3567 1691 comparu la cause fut renvoyé devant le Bureau Général du dit Conseil
1545 1677 3531 1774 séant le Vendredi vingt neuf janvier mil huit cent cinquante huit et
1539 1777 3558 1867 ajournée au vendredi cinq février suivant mois. Cité pour le dit jour
1557 1874 3537 1958 cinq février par exploit de Potin, huissier à Paris en date du premier
1532 1962 3543 2047 Février mil huit cent cinquante huit, visé pour timbre et enregistré à
1539 2055 3579 2147 Paris le deux Février mil huit cent cinquante huit, en délier de un francs vingt
1517 2151 3549 2237 cinq centimes, folio soixante quatre, case quarante, signé L. Drevon
1536 2253 3585 2330 Brision ne comparut pas. A l’appel de la cause Crocher se présenta et conclut
1551 2344 3585 2414 à ce qu’il plut au Bureau Général du dit conseil donner défaut contre Brision
1535 2439 3566 2509 non comparants ni personne pour lui quoique dument appelés ; Et pour le profit
1533 2527 3588 2605 du dit défaut le condamner à lui payer avec intérêts suivant la loi la somme de
1533 2618 3563 2695 cent quarante francs qu’il lui doit pour prix d’une mois de son travail
1539 2712 3566 2788 fait pour son compte, d’après ses ordres et dans ses ateliers, plus indemnité
1547 2806 3578 2884 pour le préjudice de perte de temps qu’il lui a fait éprouver  en ne comparaissant
1530 2895 3554 2986 pas devant les Bureaux du Conseil et les dépens. Point de droit - Devait-on
