4608 3072
1380 139 3456 278 donner défaut contre Brision non comparant ni personne pour lui quoique
1374 234 3435 359 dument appelé et pour le profit adjuger au demandeur les conclusions par lui
1347 330 3447 456 précédemment prises ? Que devait-on statuer à l’égard des dépens ?
1359 429 3465 550 Après avoir entendu Cochet en ses demandes et conclusions et en avoir délibéré
1365 528 3468 648 conformément à la loi ; attendu que la demande de Cochet parait juste
1374 629 3459 739 et fondée ; que d’ailleurs elle n’est pas contestée par Brision non comparant
1356 727 3501 845 ni personne pour lui quoique dument appelé ; attendu qu’en ne comparaissant
1362 829 3480 935 pas devant les Bureaux  du Conseil Brision a causé à Cochet un préjudice
1356 931 3486 1028 de perte de temps, ce qu’il doit réparer ; Par ces motifs - Le Bureau Général
1347 1030 3495 1133 jugeant en dernier ressort ; Donne défaut contre Brision non comparant
1347 1136 3501 1233 ni personne pour lui quoique dument appelé ; Et adjugeant le profit du dit
1365 1238 3489 1331 défaut ; condamne Brision à payer avec intérêts suivant la loi à
1365 1341 3513 1435 Cochet la somme de cent quarante francs qu’il lui doit pour
1362 1446 3507 1536 prix d’un mois de travail de Cochet pour son compte, d’après ses ordres et
1356 1556 3498 1637 dans ses ateliers, plus une indemnité de dix francs pour temps perdu.
1349 1655 3507 1734 Le condamner en outre aux dépens taxés et liquidé en vers le demandeur
1355 1759 3515 1839 à la somme de quatre francs vingt un centimes et à celle de deux francs
1335 1861 3509 1947 cinq centimes envers le Trésor Public pour le papier timbré de la présente
1320 1965 3519 2053 minute, le papier timbré et l’enregistrement de la citation, conformément
1340 2069 3524 2160 à la loi du sept aout mil huit cent cinquante, ence, non compris le cout du
1299 2182 3528 2270 présent jugement, la signification d’icelui et ses suites. Et vu les
1344 2282 3528 2378 articles 435 du code de procédure civile, 27 et 42 du décret du onze juin
1326 2384 3528 2488 1809 pour signifier au défendeur le présent jugement, commet Potin,
1313 2499 3528 2598 l’un de ses huissiers audienciers. Ainsi jugé les jour moi et ans que
1331 2619 1616 2713 dessus.
