4608 3072
1637 965 3078 1093 Du dit jour Cinq Février
896 1126 4010 1262 Entre Monsieur Auguste Bénard, ouvrier, demeurant à
827 1289 4017 1423 Clichy la garenne près Paris, rue Landy, numéro quatre ;
815 1442 4035 1579 Demandeur ; Comparant d’une part ; Et Monsieur Brision,
819 1604 4016 1742 apprêteur sur étoffes, demeurant et domicilié à Batignolles près
824 1762 4032 1900 Paris, Cité des fleurs, numéro trente neuf à Batignolles et route
801 1927 4038 2058 d’asnières, numéro soixante trois, au village le Vallois ; Défendeur ;
803 2079 4032 2224 Défaillant ; D’autre part ; Point de fait - Pars lettres du secrétaire
824 2240 4047 2381 du Conseil de Prud’homme du Département de la Seine pour
