4608 3072
1209 154 3648 313 l’industrie des tissus en date des lundi vingt cinq et mardi vingt
1211 259 3653 418 six janvier mil huit cent cinquante huit Bénard fit citer Brision
1206 370 3663 523 à comparaître par-devant le dit Conseil séant en Bureaux Particuliers
1191 475 3603 625 les mardi vingt six et Mercredi vingt sept Janvier mil huit cent
1182 580 3633 743 cinquante huit pour se concilier si faire se pouvait sur la demande qu’il
1188 696 3594 848 entendait former contre lui devant le dit Conseil en paiement de la
1185 808 3675 958 somme de cent trente francs qu’il lui doit pour un mois de travail
1188 925 3660 1063 qu’il a fait pour son compte, d’après ses ordres et dans ses ateliers.
1194 1037 3672 1176 Brision n’ayant pas comparu la cause fut renvoyé devant le
1179 1151 3648 1281 Bureau Général du dit Conseil séant le Vendredi vingt neuf janvier
1155 1270 3636 1392 mil huit cent cinquante huit et ajournée au vendredi cinq février
1137 1385 3615 1509 suivant mois. Cité pour le dit jour cinq février par
1157 1505 3687 1614 exploit de Potin, huissier à Paris, en date du premier Février mil huit
1178 1622 3618 1724 cent cinquante huit, visé pour timbre et enregistré à Paris le deux
1149 1742 3672 1844 Février mil huit cent cinquante huit, en délier de un francs vingt cinq
1151 1858 3612 1955 centimes, folio soixante quatre, case trois, signé L. Drevon
1181 1979 3704 2067 Brision ne comparut pas. A l’appel de la cause Bénard se présenta
1157 2095 3692 2184 et conclut à ce qu’il plut au Bureau Général du dit conseil donner
1157 2219 3705 2304 défaut contre Brision non comparants ni personne pour lui quoique
1163 2332 3710 2421 dument appelés et pour le profit du dit défaut le condamner à lui payer avec intérêts
1139 2449 3714 2543 suivant la loi la somme de cent trente francs qu’il lui doit pour
1172 2566 3704 2675 prix d’un mois de travail fait dans ses ateliers, pour son compte et
1160 2690 3725 2795 d’après ses ordres, plus indemnité qu’il plaira au Conseil de fixer
1142 2812 3741 2915 pour le préjudice qu’il lui a causé en ne comparaissant pas devant
