4608 3072
1361 1107 3507 1197 les Bureaux du Conseil et les dépens. Point de droit - Devait-on
1365 1205 3494 1298 donner défaut contre Brision non comparant ni personne pour
1360 1304 3539 1394 lui quoique dument appelé et pour le profit le condamner à lui payer
1361 1409 3546 1492 avec intérêts suivant la loi la somme, adjuger au demandeur les conclusions
1362 1515 3537 1588 par lui précédemment prises ? Que devait-on statuer à l’égard
1358 1610 3537 1691 des dépens ? Après avoir entendu Bénard en ses demandes et conclusions
1355 1703 3543 1790 et en avoir délibéré conformément à la loi ; attendu que la demande
1362 1809 3570 1893 de Bénard parait juste et fondée ; que d’ailleurs elle n’est pas contestée
1343 1915 3576 1988 par Brision non comparant ni personne pour lui quoique dument
1352 2012 3554 2088 appelé ; attendu qu’en ne comparaissant pas devant les Bureaux
1365 2114 3534 2189 du Conseil Brision a causé à Bénard un préjudice de perte de temps,
1346 2213 3567 2289 ce qu’il doit réparer ; Par ces motifs - Le Bureau Général jugeant
1343 2315 3563 2399 en dernier ressort - Donne défaut contre Brision non comparant
1347 2408 3518 2502 ni personne pour lui quoique dument appelé ; Et adjugeant le
1340 2513 3572 2603 profit du dit défaut ; condamne Brision à payer
1355 2613 3539 2700 avec intérêts suivant la loi à Bénard la somme de cent trente francs
1337 2736 3560 2825 qu’il lui doit pour prix d’un mois de travail qu’il a fait dans ses
