4608 3072
804 491 3887 639 ateliers, pour son compte et d’après ses ordres, plus une indemnité
779 626 3908 780 de dix francs pour temps perdu ; Le condamner en outre aux dépens taxés
776 762 3917 922 et liquidé en vers le demandeur à la somme de quatre francs vingt un
734 903 3905 1068 centimes et à celle de deux francs envers le Trésor Public pour le papier
740 1043 3923 1207 timbré de la présente minute, conformément à la loi de le papier timbré et
770 1184 3941 1351 l’enregistrement de la citation, conformément à la loi du sept aout mil
764 1328 3935 1507 huit cent cinquante, ence, non compris le cout du présente jugement, la
779 1469 3956 1657 signification d’icelui et ses suites. Et vu les articles 435 du code de
728 1606 3926 1817 procédure civile, 27 et 42 du secret du onze juin 1809 pour signifier
749 1753 3971 1952 au défendeur le présent jugement, commet Potin, l’un de ses huissiers
737 1921 3650 2110 audienciers. Ainsi jugé les jour moi et ans que dessus.
