3072 4608
753 190 2790 325 mil huit cent cinquante sept, visé pour timbre et Enregistré à Paris
767 280 2693 392 le deux Janvier mil huit cent cinquante huit en délier de
747 369 2766 492 soixante dix centimes, folio cingt quatre, case sept
749 466 2762 581 signé : L. Drevon, Cassal comparaissant pas. A l’appel
747 556 2778 680 de la cause la demoiselle Mismaque se présenta et conclue
753 644 2781 773 à ce qu’il plut au Bureau Général du dit conseil donner défaut
723 743 2778 865 contre Cassal non comparaissant ni personne pour lui
729 838 2778 961 quoique dument appelé ; Et adjugeant le profit du dit défaut
741 929 2766 1053 le Condamner à lui payer avec intérêt suivant la loi la somme
732 1025 2760 1140 de quatorze francs qu’il lui doit pour prix de travaux par
732 1123 2769 1235 elle faits pour son compte et d’après ses ordres, plus celle de
720 1217 2763 1323 neuf francs à titre d’indemnité  pour le préjudice qu’il lui a
699 1307 2736 1421 causé en lui laissant pas faire sa huitaine de congé
717 1403 2763 1509 ainsi que le veulent l’usage et l’égalité et condamner en
720 1502 2760 1609 outre aux dépens. Point de Droit -  Devait-on donner
708 1597 2757 1705 défaut contre Cassal non comparant ni personne pour lui
699 1694 2772 1809 quoique dument appelé et pour le profit adjuger la demanderesse
702 1788 2751 1891 les Conclusions par elle précédemment prises ? Que devait-il
708 1884 2769 1992 être statué à l’égard des dépens ? Après avoir entendu la demanderesse
708 1978 2769 2087 Mismaque en ses demandes et conclusions et en avoir délibéré
684 2080 2760 2174 Conformément à la loi, attendu que la demande de la demoiselle
689 2171 2766 2267 Mismaque paraît juste et fondée ; que d’ailleurs elle n’est pas contestée
684 2267 2739 2366 par Cassal non comparant ni personne pour lui
693 2360 2736 2458 quoique dument appelé ; Par ces motif – Le Bureau Général
684 2455 2736 2557 jugeant en dernier ressort – Donne défaut contre Cassal
660 2548 2736 2659 non comparant ni personne pour quoique dument appelé
696 2650 2751 2752 régulièrement quoique dument appelé ; Et adjugeant le profit
708 2742 2693 2844 du dit défaut Condamne Cassal à payer avec intérêts
708 2835 2742 2949 suivant la loi à la demoiselle Mismaque la somme de
293 2939 2730 3044 quatorze francs qu’il lui doit pour solde de travaux,
570 3032 2727 3144 plus celle de neuf francs à titre d’indemnité pour le
651 3123 2748 3244 préjudice qu’il lui a causé en ne lui laissant pas faire la huitaine
660 3214 2747 3340 de congé ainsi qu’il est d’usage. Le condamne en outre aux
647 3306 2741 3442 dépens taxés et liquidés en vers la demanderesse à la somme de
614 3404 2735 3551 quatre francs vingt un centimes, et à celle de un francs quarante cinq
648 3500 2756 3648 centimes envers le Trésor Public pour papier timbré de la présente
627 3599 2724 3747 minute Conformément à la loi du sept aout mil huit cent cinquante ence
641 3690 2735 3849 non compris le cout du présent jugement, la liquidation d’icelui
650 3794 2724 3956 et ses suites. Et vu les articles 435 du code de
621 3890 2699 4059 procédure civile, 27 et 42 du décret du onze juin
645 4002 2711 4182 1809 pour signifier au défendeur le présent jugement,
