4608 3072
1851 277 2731 385 Du dit jour cinq Février
1121 369 3374 515 Entre Monsieur Blaise Aurer, ouvrier tailleur, demeurant
1137 475 3395 605 à Paris, rue Volta, numéro trente sept ; Demandeur ;
1122 591 3440 710 Comparant ; D’une part ; Et monsieur Wéber, tailleur
1095 697 3377 821 confectionnant, demeurant et domicilié à la Villette près
1122 813 3359 926 Paris, rue Mogador, numéro deux neuf ; Défendeur ;
1127 920 3476 1022 Défaillent ; D’autre part ; Point de fait - Par lettres
1100 1026 3452 1133 du secrétaire du Conseil de Prud’hommes du Département de
1100 1135 3419 1240 la Seine pour l’industrie des tissus en date à Paris des
1085 1251 3449 1349 Lundi vingt cinq et Mardi vingt six Janvier mil huit
1109 1360 3444 1459 cent cinquante huit Aurer fit citer Wéber à comparaître
1086 1477 3453 1564 pardevant le conseil de Prud’hommes séant en Bureaux
1095 1588 3456 1675 Particuliers les Mardi vingt six et Mercredi vingt sept Janvier
1067 1701 3447 1787 mil huit cent cinquante huit pour se concilier si faire se
1067 1809 3462 1900 pouvait sur la demande qu’il entendait former contre lui
1076 1925 3428 2016 devant le dit Conseil en paiement de la somme de trente six
1067 2034 3461 2136 francs pour prix de travaux par lui faits pour son compte
1073 2145 3452 2246 et d’après ses ordres. Wéber n’ayant pas comparut la cause fut
1061 2255 3464 2361 renvoyé devant le Bureau Général dudit Conseil séant le
1064 2364 3464 2476 vendredi vingt neuf janvier mil huit cent cinquante huit et
1076 2478 3464 2592 ajourné au Vendredi cinq Fevrier suivant mois. Cité à c
1025 2579 3458 2703 omparaître le dit jour cinq février par exploit de Potin, huissier
1046 2694 3485 2843 à Paris, en date du premier février mil huit cent cinquante
