4608 3072
1374 423 3609 619 huit, visé pour timbre et enregistrement à Paris, le deux Février mil
1341 528 3621 715 huit cent cinquante huit, en délier de une franc cinquante centimes,
1350 634 3669 812 folio soixante cinq, case sept, signé : L. Devon Wéber ne
1371 736 3609 908 comparut pas. A l’appel de la cause Aurer se présenta et conclut
1458 837 3645 1015 à ce qu’il plut au Bureau Général du dit conseil donner défaut contre
1344 932 3666 1122 Wéber non comparant ni personne pour lui quoique dument appelé
1350 1057 3636 1208 et pour le profit le condamner à lui payer avec intérêts suivant
1359 1171 3636 1310 la loi la somme de trente six francs qu’il lui doit pour prix de travaux
1281 1281 3585 1413 par lui fait pour son comptes et d’après ses ordres, plus une
1344 1397 3654 1522 indemnité pour le préjudice de perte de temps qu’il a fait éprouver
1341 1509 3618 1624 en ne comparant pas devant les Bureaux du Conseil et les
1355 1624 3615 1725 dépens. Point de droit - Devait-on donner défaut contre
1356 1740 3657 1827 Wéber non comparant ni personne pour lui quoique dument
1358 1856 3660 1940 appelé et pour le profit adjuger au demandeur les conclusions
1358 1965 3653 2043 par lui précédemment prises ? Que devait-on statuer à
1346 2069 3696 2158 l’égard des dépens ? Après avoir entendu Aurer en ses demandes et
1308 2177 3686 2269 conclusions et en avoir délibéré conformément à la loi ; attendu
1343 2282 3650 2389 que la demande de Aurer parait juste et fondée ; que d’ailleurs
1334 2394 3713 2506 elle n’est pas contestée par Wéber non comparant ni personne
