4608 3072
1362 751 3573 914 pour lui quoique dument appelé ; attendu qu’en ne comparaissant
1371 856 3522 1008 pas devant les Bureaux du Conseil Wéber a causé à Aurer
1371 958 3594 1107 un préjudice de perte de temps, ce qu’il doit réparer ; Par ces motifs –
1343 1061 3582 1206 Le Bureau Général jugeant en dernier ressort ; Donne défaut
1337 1163 3621 1313 contre Wéber non comparant ni personne pour lui quoique dument
1371 1282 3525 1402 appelé ; Et adjugeant le profit du dit défaut ; condamne
1374 1378 3597 1502 Wéber à payer avec intérêts suivant la loi à Aurer la
1362 1498 3627 1622 somme de trente six francs qu’il lui doit pour prix de travaux
1343 1617 3603 1713 par lui faits pour son compte et d’après ses ordres, plus une
1331 1716 3618 1805 indemnité de neuf francs pour temps perdu ; Le condamne
1352 1826 3603 1910 en outre aux dépens taxés et liquidé en vers le demandeur à la somme de
1368 1936 3582 2012 deux francs quarante six centimes, et à celle de deux francs envers
1367 2041 3633 2123 le Trésor Public pour le papier timbré de la présente minute, le
1350 2141 3650 2229 papier timbré et l’enregistrement de la citation, conformément à la loi
1358 2254 3659 2337 du sept aout mil huit cent cinquante, ence, non compris le cout
1347 2351 3633 2444 du présente jugement, la signification d’icelui et ses suites. Et vu les
1325 2456 3665 2556 articles 435 du code de procédure civile, 27 et 42 du secret du onze juin 1809
1341 2567 3686 2667 pour signifier au défendeur le présent jugement, commet Potin, l’un
1356 2676 3659 2783 de ses huissiers audienciers. Ainsi jugé les jour moi et ans que dessus.
