4608 3072
1991 568 2805 640 Du dit jour cinq Février
1370 660 3552 750 Entre Madame Françoise Émilie Billot, ouvrière, épouse
1362 761 3522 867 assistée et autorisée du sieur Noël Nicolas Couvreur, et le dit sieur
1358 856 3546 972 demeurant ensemble à Montmartre, rue Véron , numéro dix sept  ;
1329 966 3537 1072 Demandeurs ; Comparant ; D’une part ; Monsieur et Madame
1356 1075 3540 1176 Balles, le dit sieur Balles tant en son nom personnel que pour
1341 1179 3552 1273 assister et autoriser la dame son épouse, blanchisseuse de linge,
1338 1285 3561 1377 demeurant et domiciliés ensemble à la Chapelle Saint Denis,
1322 1393 3564 1480 rue des poissonniers, numéro vingt ; Défendeur ; Défaillant ;
1305 1503 3576 1587 D’autre part ; Point de fait - Par lettre du secrétaire du Conseil
1326 1611 3585 1689 de Prud’hommes du Département de la Seine pour l’industrie des
1329 1720 3585 1797 tissus établit à Paris, la dite lettre en date des Lundi premier février
1338 1830 3597 1903 mil huit cent cinquante huit les époux Couvreur firent citer les époux
1355 1945 3596 2014 Balles à comparaître pardevant le dit conseil pour se concilier si faire se
1319 2052 3602 2121 pouvait sur la demande qu’ils entendaient former contre eux devant le dit
1313 2166 3603 2239 Conseil en paiement de la somme de dix francs pour prix de travaux
1314 2275 3635 2347 faits par la dame Couvreur pour leur compte et d’après les ordres de
1338 2382 3630 2461 la dame Balles. A l’appel de la cause les époux Couvreur se présentèrent
1323 2488 3636 2575 et exposèrent comme dessus. De son coté la dame Balles se présent
1305 2599 3635 2698 et exposa au Conseil qu’à la vérité elle été débitrice de la dame Couvreur
1299 2715 3629 2811 de la somme de dix francs pour son travail mais que la dite dame
1295 2830 3645 2922 Couvreur lui avait perdu une chemise du pris de six francs et un
620 1939 1295 2014 séant en Bureaux
569 2040 1277 2101 Particuliers le mercredi
590 2107 1257 2184 trois février mil huit cent cinquante huit
605 2176 1256 2253 cent cinquante huit
657 2256 1206 2339 renvoi approuvé
