4608 3072
1467 954 3561 1051 jupon de deux francs ; qu’en outre elle lui a fourni des copeaux
1460 1053 3558 1155 pour une somme de cinq francs ; qu’elle lui est zinc redevable de
1476 1157 3576 1259 la somme de trois francs. Le Bureau Particulier fut d’avis que
1467 1262 3552 1353 la dame Balles ne pouvant justifier de la perte du linge, et
1461 1361 3576 1454 reconnaissant que les copeaux ont été donnés et non vendus il y avait
1476 1458 3594 1566 lieu par les époux Balles à payer la somme de six francs pour salaire.
1440 1568 3597 1668 La dame Balles ayant déclaré ne vouloir payer cette somme la cause
1455 1678 3594 1775 fut renvoyée devant le Bureau Général du dit Conseil séant le vendredi
1463 1780 3588 1870 cinq février mil huit cent cinquante huit. Cités à pour le dit jour cinq
1461 1886 3597 1971 février les époux Balles ne comparurent pas. A l’appel de la cause les
1457 1992 3591 2070 époux Couvreur se présentèrent et conclurent à ce ce qu’il plut au Bureau
1467 2090 3054 2170 Général du dit conseil donner défaut contre les époux
3057 2102 3599 2175 autoriser la dame
1478 2193 3603 2280 Balles à entrer en justice faute par son mari de l’avoir fait ; donner
1463 2306 3606 2390 défaut contre les époux Balles non comparants ni personne pour eux
1440 2413 3609 2492 quoique dument appelés ; et pour le profit les condamner à leur payer
1431 2517 3606 2597 avec intérêts suivant la loi la somme de dix francs qu’ils leur doivent
1430 2615 3612 2706 pour prix de travaux faits par la dame Couvreur pour leur comptes et
1452 2721 3624 2819 d’après leurs ordres, plus une indemnité pour le préjudice qu’il
1428 2837 3627 2931 ont causé en leur faisant perdre du temps devant les Bureaux du
