4608 3072
1373 334 3668 481 Conseil et les dépens. Point de droit - Devait-on donner défaut
1383 442 3663 581 contre les époux Balles non comparants ni personne pour eux quoique
1365 542 3657 686 dument appelés et pour le profit adjuger aux demandeurs les conclusions
1362 648 3629 784 par eux précédemment prises ? Que devait-on statuer à l’égard des
1367 754 3648 885 dépens ? Après avoir entendu les époux Couvreur en leurs demandes
1350 857 3660 987 et conclusions et en avoir délibéré conformément à la loi ; attendu
1353 968 3690 1090 que la demande des époux Couvreur parait juste et fondée ; que
1330 1073 3690 1195 d’ailleurs elle n’est pas contestée par les époux Balles non comparants
1343 1189 3642 1288 ni personne pour lui quoique dument appelés ; attendu qu’en ne
1355 1290 3681 1387 comparaissant pas devant les Conseil les époux Balles ont causé
1335 1401 3696 1497 aux époux Couvreur un préjudice de perte de temps, ce qu’ils doivent réparer ;
1368 1513 3702 1599 Par ces motifs - Le Bureau Général jugeant en dernier ressort ; Autorise
1370 1618 3699 1700 la dame Balles à entrer en justice faute par son mari de l’avoir fait ;
1361 1724 3720 1806 Donne défaut contre les époux Balles non comparants ni personne
1352 1835 3704 1917 pour eux quoique dument appelés ; Et adjugeant le profit du dit défaut ;
1341 1938 3683 2025 Condamne les époux Balles à payer avec intérêts suivant la loi aux
1334 2042 3710 2139 époux Couvreur la somme de dix francs qu’ils leur doivent pour prix
1358 2148 3696 2247 de travaux fait par la dame Couvreur pour leur compte, sur leurs ordres
1338 2256 3740 2358 et dans leurs ateliers, plus une indemnité de trois francs pour temps perdu ;
1330 2363 3722 2467 Les condamne en outre aux dépens taxés et liquidé en vers les demandeurs
1344 2472 3722 2578 à la somme de un franc vingt centimes, et à celle de soixante quinze
1330 2576 3725 2689 centimes envers le Trésor Public pour le papier timbré de la présente
