4608 3072
1460 928 3693 1021 minute, conformément à la loi du sept aout mil huit cent cinquante,
1463 1033 3675 1115 ence, non compris le cout du présente jugement, la signification d’icelui
1446 1125 3654 1216 et ses suites. Et vu les articles 435 du code de procédure civile,
1464 1225 3621 1312 27 et 42 du secret du onze juin 1809 pour signifier au défendeur le
1457 1333 3608 1412 présent jugement, commet Potin, l’un de ses huissiers audienciers.
1449 1432 2732 1505 Ainsi jugé les jour moi et ans que dessus.
2193 2249 2880 2324 Du dit jour cinq Février
1409 2342 3662 2432 Entre Mademoiselle Marie Flamand, ouvrière blanchisseuse,
1437 2443 3635 2534 demeurant et domiciliée à Paris, rue des moineaux, numéro trois ;
1433 2548 3710 2642 Demanderesse ; Comparant ; D’une part ; Et Madame veuve
1695 2655 3722 2749 Voyon, blanchisseuse de linge, demeurant et domiciliée
1440 2760 3764 2852 à Paris, rue Jeamisson, numéro quatre ; Défenderesse ; Défaillent ;
1427 2862 3758 2974 D’autre part ; Point de fait - Par lettre du secrétaire du Conseil
