4608 3072
1347 415 3522 527 de Prud’hommes du Département de la Seine pour l’industrie des tissus
1344 515 3516 620 en date du Mercredi vingt Janvier mil huit cent cinquante huit la
1347 614 3513 719 demoiselle Flamand fit citer la veuve Voyon à comparaître pardevant
1332 714 3519 813 le conseil de Prud’hommes séant en Bureau Particulier le Samedi
1358 814 3537 915 vingt trois Janvier mil huit cent cinquante huit pour se concilier si
1338 914 3546 1019 faire se pouvait sur la demande qu’elle entendait former contre elle
1356 1016 3558 1118 devant le dit Conseil en paiement de la somme de vingt un francs cinquante
1347 1121 3552 1223 centimes pour prix de travaux par elle faits pour son compte et d’après
1349 1225 3563 1328 ses ordres. A l’appel de la cause la demoiselle Flamand exposa qu’elle
1349 1329 3557 1434 était ouvrière à la semaine depuis cinq mois ; que le prix de la semaine
1334 1435 3581 1542 était fixé à cinq francs qu’elle recevait par à compte sans pour jamais
1328 1542 3566 1650 terminer. La veuve Voyon exposa au Conseil qu’elle reconnaissant
1331 1648 3575 1758 devoir la somme de vingt un francs cinquante centimes ; qu’elle se refuse
1355 1751 3587 1865 à la payer parce que la demanderesse avait égaré du linge dont elle
1349 1864 3590 1972 était responsable envers les clients. Le Bureau fut d’avis que la
1334 1968 3596 2082 veuve Voyon ne pouvant justifier de la perte du linge devait payer
1338 2076 3597 2188 la somme vingt un francs cinquante centimes par cinq francs
1313 2178 3608 2305 par semaine à partir du trente un janvier mil huit cent
1319 2284 3618 2412 cinquante huit ; Les parties ayant accepté cette proposition du
1355 2388 3623 2520 Bureau Particulier la cause fut conciliée. La veuve Voyon n’ayant
1331 2508 3392 2628 pas exécuté la condition de la conciliation la cause fut
1321 2602 3633 2723 devant le  Bureau Général du dit Conseil de nouveau appelé
1317 2706 3642 2851 devant le Bureau Particulier du Mardi deux Février mil huit
