<?xml version="1.0" encoding="utf-8"?>
<PcGts xmlns="http://schema.primaresearch.org/PAGE/gts/pagecontent/2013-07-15" xmlns:tu="timeUs" xmlns:xsi="http://www.w3.org/2001/XMLSchema-instance" xsi:schemaLocation="http://schema.primaresearch.org/PAGE/gts/pagecontent/2013-07-15 http://schema.primaresearch.org/PAGE/gts/pagecontent/2013-07-15/pagecontent.xsd">
<Metadata>
<Creator>prov=University of Rostock/Institute of Mathematics/CITlab/Tobias Gruening/tobias.gruening@uni-rostock.de:name=/net_tf/LA73_249_0mod360.pb:de.uro.citlab.module.la.core.CITlab_LA_ML:v=?0.1
TRP</Creator>
<Created>2018-05-23T13:27:10.870+02:00</Created>
<LastChange>2018-06-04T15:33:20.814+02:00</LastChange>
<tu:title>AD Seine Prud'homme 1858 (D1U10 386)</tu:title><tu:desc>No description.</tu:desc><tu:pagenumber>98</tu:pagenumber></Metadata>
<Page imageFilename="PH 1858-93.jpg" imageHeight="3072" imageWidth="4608" tu:id="98" tu:url="https://dbis-thure.uibk.ac.at/f/Get?id=HSLCBVJRZZEXOSYJUZIPIRZH&amp;fileType=view">
<ReadingOrder>
<OrderedGroup caption="Regions reading order" id="ro_1528119200848">
<RegionRefIndexed index="0" regionRef="r1"/>
</OrderedGroup>
</ReadingOrder>
<TextRegion custom="readingOrder {index:0;}" id="r1" orientation="0.0">
<Coords points="902,0 902,2636 3774,2636 3774,0"/>
<TextLine custom="readingOrder {index:0;}" id="r1l4">
<Coords points="983,386 1118,382 1253,376 1388,370 1524,363 1659,355 1794,347 1930,339 2065,332 2200,324 2336,317 2471,311 2606,305 2741,300 2877,296 3012,293 3147,293 3283,293 3418,296 3553,301 3689,308 3689,220 3553,213 3418,208 3283,205 3147,205 3012,205 2877,208 2741,212 2606,217 2471,223 2336,229 2200,236 2065,244 1930,251 1794,259 1659,267 1524,275 1388,282 1253,288 1118,294 983,298"/>
<Baseline points="983,357 1118,353 1253,347 1388,341 1524,334 1659,326 1794,318 1930,310 2065,303 2200,295 2336,288 2471,282 2606,276 2741,271 2877,267 3012,264 3147,264 3283,264 3418,267 3553,272 3689,279"/>
<TextEquiv>
<Unicode>cent cinquante huit. La veuve  Voyon n’ayant pas comparu </Unicode>
</TextEquiv>
</TextLine>
<TextLine custom="readingOrder {index:1;}" id="r1l5">
<Coords points="971,521 1107,515 1244,510 1381,503 1518,496 1655,488 1791,480 1928,472 2065,463 2202,455 2339,447 2475,440 2612,434 2749,428 2886,424 3023,421 3159,419 3296,419 3433,422 3570,425 3707,431 3707,343 3570,337 3433,334 3296,331 3159,331 3023,333 2886,336 2749,340 2612,346 2475,352 2339,359 2202,367 2065,375 1928,384 1791,392 1655,400 1518,408 1381,415 1244,422 1107,427 971,433"/>
<Baseline points="971,492 1107,486 1244,481 1381,474 1518,467 1655,459 1791,451 1928,443 2065,434 2202,426 2339,418 2475,411 2612,405 2749,399 2886,395 3023,392 3159,390 3296,390 3433,393 3570,396 3707,402"/>
<TextEquiv>
<Unicode>la cause fut renvoyée devant le Bureau Général du dit Conseil </Unicode>
</TextEquiv>
</TextLine>
<TextLine custom="readingOrder {index:2;}" id="r1l6">
<Coords points="953,640 1091,635 1229,631 1367,625 1505,619 1643,611 1781,603 1920,595 2058,587 2196,578 2334,571 2472,563 2610,557 2748,551 2887,547 3025,544 3163,544 3301,544 3439,546 3577,551 3716,557 3716,469 3577,463 3439,458 3301,456 3163,456 3025,456 2887,459 2748,463 2610,469 2472,475 2334,483 2196,490 2058,499 1920,507 1781,515 1643,523 1505,531 1367,537 1229,543 1091,547 953,552"/>
<Baseline points="953,611 1091,606 1229,602 1367,596 1505,590 1643,582 1781,574 1920,566 2058,558 2196,549 2334,542 2472,534 2610,528 2748,522 2887,518 3025,515 3163,515 3301,515 3439,517 3577,522 3716,528"/>
<TextEquiv>
<Unicode>séant le vendredi cinq Février mil huit cent cinquante huit. Cité </Unicode>
</TextEquiv>
</TextLine>
<TextLine custom="readingOrder {index:3;} textStyle {offset:30; length:30;strikethrough:true; fontSize:0.0; kerning:0;}" id="line_1527418839264_278">
<Coords points="962,761 962,674 1099,670 1237,665 1375,658 1513,651 1651,644 1789,636 1926,628 2064,621 3730,576 3730,663 2064,708 1926,715 1789,723 1651,731 1513,738 1375,745 1237,752 1099,757"/>
<Baseline points="962,732 1099,728 1237,723 1375,716 1513,709 1651,702 3052,634 3189,626 3515,641 3648,633"/>
<TextEquiv>
<Unicode>pour le dit jour cinq février la demoiselle Flamand comparut</Unicode>
</TextEquiv>
</TextLine>
<TextLine custom="readingOrder {index:4;} textStyle {offset:0; length:22;strikethrough:true; fontSize:0.0; kerning:0;}" id="line_1527418831497_275">
<Coords points="969,868 969,781 1785,760 1921,754 2057,748 2192,742 2328,737 2464,732 2600,727 2735,722 2871,719 3007,716 3143,715 3278,713 3550,713 3686,716 3686,803 3550,800 3278,800 3143,802 3007,803 2871,806 2735,809 2600,814 2464,819 2328,824 2192,829 2057,835 1921,841 1785,847"/>
<Baseline points="985,843 996,843 1921,812 2057,806 2192,800 2328,795 2464,790 2600,785 2735,780 2871,777 3007,774 3143,773 3278,771 3414,771 3550,771 3686,774"/>
<TextEquiv>
<Unicode>A l'appel de la cause la veuve Voyon comparut pas. A</Unicode>
</TextEquiv>
</TextLine>
<TextLine custom="readingOrder {index:5;}" id="r1l9">
<Coords points="962,1006 1100,1001 1238,997 1377,991 1515,986 1654,980 1792,974 1931,968 2069,961 2208,955 2346,949 2484,944 2623,940 2761,935 2900,931 3038,928 3177,926 3315,926 3454,928 3592,929 3731,932 3731,844 3592,841 3454,840 3315,838 3177,838 3038,840 2900,843 2761,847 2623,852 2484,856 2346,861 2208,867 2069,873 1931,880 1792,886 1654,892 1515,898 1377,903 1238,909 1100,913 962,918"/>
<Baseline points="962,977 1100,972 1238,968 1377,962 1515,957 1654,951 1792,945 1931,939 2069,932 2208,926 2346,920 2484,915 2623,911 2761,906 2900,902 3038,899 3177,897 3315,897 3454,899 3592,900 3731,903"/>
<TextEquiv>
<Unicode>l’appel de la cause la demoiselle Flamand se présenta et conclut à </Unicode>
</TextEquiv>
</TextLine>
<TextLine custom="readingOrder {index:6;}" id="r1l10">
<Coords points="986,1126 1122,1122 1258,1118 1395,1114 1531,1108 1667,1103 1804,1097 1940,1092 2076,1087 2213,1081 2349,1076 2485,1072 2622,1067 2758,1063 2894,1060 3031,1057 3167,1055 3303,1055 3440,1055 3576,1055 3713,1058 3713,970 3576,967 3440,967 3303,967 3167,967 3031,969 2894,972 2758,975 2622,979 2485,984 2349,988 2213,993 2076,999 1940,1004 1804,1009 1667,1015 1531,1020 1395,1026 1258,1030 1122,1034 986,1038"/>
<Baseline points="986,1097 1122,1093 1258,1089 1395,1085 1531,1079 1667,1074 1804,1068 1940,1063 2076,1058 2213,1052 2349,1047 2485,1043 2622,1038 2758,1034 2894,1031 3031,1028 3167,1026 3303,1026 3440,1026 3576,1026 3713,1029"/>
<TextEquiv>
<Unicode>ce qu’il plut au Bureau Général du dit Conseil donner défaut </Unicode>
</TextEquiv>
</TextLine>
<TextLine custom="readingOrder {index:7;}" id="r1l11">
<Coords points="983,1250 1119,1246 1256,1241 1392,1237 1529,1232 1665,1228 1802,1223 1938,1219 2075,1214 2211,1209 2348,1205 2484,1201 2621,1196 2757,1193 2894,1190 3030,1186 3167,1184 3303,1181 3440,1180 3576,1177 3713,1177 3713,1089 3576,1089 3440,1092 3303,1093 3167,1096 3030,1098 2894,1102 2757,1105 2621,1108 2484,1113 2348,1117 2211,1121 2075,1126 1938,1131 1802,1135 1665,1140 1529,1144 1392,1149 1256,1153 1119,1158 983,1162"/>
<Baseline points="983,1221 1119,1217 1256,1212 1392,1208 1529,1203 1665,1199 1802,1194 1938,1190 2075,1185 2211,1180 2348,1176 2484,1172 2621,1167 2757,1164 2894,1161 3030,1157 3167,1155 3303,1152 3440,1151 3576,1148 3713,1148"/>
<TextEquiv>
<Unicode>contre la veuve Voyon non comparante ni personne pour elle </Unicode>
</TextEquiv>
</TextLine>
<TextLine custom="readingOrder {index:8;}" id="r1l12">
<Coords points="962,1373 1100,1372 1239,1369 1378,1365 1517,1361 1655,1357 1794,1352 1933,1348 2072,1343 2210,1339 2349,1334 2488,1330 2627,1325 2765,1321 2904,1318 3043,1316 3182,1313 3320,1313 3459,1313 3598,1313 3737,1315 3737,1227 3598,1225 3459,1225 3320,1225 3182,1225 3043,1228 2904,1230 2765,1233 2627,1237 2488,1242 2349,1246 2210,1251 2072,1255 1933,1260 1794,1264 1655,1269 1517,1273 1378,1277 1239,1281 1100,1284 962,1285"/>
<Baseline points="962,1344 1100,1343 1239,1340 1378,1336 1517,1332 1655,1328 1794,1323 1933,1319 2072,1314 2210,1310 2349,1305 2488,1301 2627,1296 2765,1292 2904,1289 3043,1287 3182,1284 3320,1284 3459,1284 3598,1284 3737,1286"/>
<TextEquiv>
<Unicode>quoique dument appelée et pour le profit la condamner à lui payer </Unicode>
</TextEquiv>
</TextLine>
<TextLine custom="readingOrder {index:9;}" id="r1l13">
<Coords points="962,1499 1100,1495 1239,1491 1378,1488 1517,1484 1656,1479 1795,1476 1934,1470 2073,1467 2212,1463 2351,1458 2489,1454 2628,1451 2767,1447 2906,1445 3045,1442 3184,1440 3323,1439 3462,1437 3601,1437 3740,1439 3740,1367 3601,1365 3462,1365 3323,1367 3184,1368 3045,1370 2906,1373 2767,1375 2628,1379 2489,1382 2351,1386 2212,1391 2073,1395 1934,1398 1795,1404 1656,1407 1517,1412 1378,1416 1239,1419 1100,1423 962,1427"/>
<Baseline points="962,1475 1100,1471 1239,1467 1378,1464 1517,1460 1656,1455 1795,1452 1934,1446 2073,1443 2212,1439 2351,1434 2489,1430 2628,1427 2767,1423 2906,1421 3045,1418 3184,1416 3323,1415 3462,1413 3601,1413 3740,1415"/>
<TextEquiv>
<Unicode>avec intérêts suivant la loi la somme de vingt un francs cinquante</Unicode>
</TextEquiv>
</TextLine>
<TextLine custom="readingOrder {index:10;}" id="r1l14">
<Coords points="959,1596 1098,1599 1237,1599 1376,1599 1515,1599 1655,1598 1794,1595 1933,1592 2072,1589 2211,1586 2351,1582 2490,1578 2629,1575 2768,1572 2907,1569 3047,1568 3186,1566 3325,1565 3464,1566 3603,1566 3743,1569 3743,1497 3603,1494 3464,1494 3325,1493 3186,1494 3047,1496 2907,1497 2768,1500 2629,1503 2490,1506 2351,1510 2211,1514 2072,1517 1933,1520 1794,1523 1655,1526 1515,1527 1376,1527 1237,1527 1098,1527 959,1524"/>
<Baseline points="959,1572 1098,1575 1237,1575 1376,1575 1515,1575 1655,1574 1794,1571 1933,1568 2072,1565 2211,1562 2351,1558 2490,1554 2629,1551 2768,1548 2907,1545 3047,1544 3186,1542 3325,1541 3464,1542 3603,1542 3743,1545"/>
<TextEquiv>
<Unicode>centimes qu’elle lui doit pour prix de travaux par elle fait pour son </Unicode>
</TextEquiv>
</TextLine>
<TextLine custom="readingOrder {index:11;}" id="r1l15">
<Coords points="929,1729 1070,1730 1211,1733 1352,1733 1493,1733 1634,1732 1775,1730 1917,1727 2058,1725 2199,1721 2340,1718 2481,1715 2622,1712 2763,1708 2905,1706 3046,1703 3187,1702 3328,1700 3469,1700 3610,1702 3752,1703 3752,1615 3610,1614 3469,1612 3328,1612 3187,1614 3046,1615 2905,1618 2763,1620 2622,1624 2481,1627 2340,1630 2199,1633 2058,1637 1917,1639 1775,1642 1634,1644 1493,1645 1352,1645 1211,1645 1070,1642 929,1641"/>
<Baseline points="929,1700 1070,1701 1211,1704 1352,1704 1493,1704 1634,1703 1775,1701 1917,1698 2058,1696 2199,1692 2340,1689 2481,1686 2622,1683 2763,1679 2905,1677 3046,1674 3187,1673 3328,1671 3469,1671 3610,1673 3752,1674"/>
<TextEquiv>
<Unicode>comptes et d’après ses ordres, plus une indemnité pour le préjudice </Unicode>
</TextEquiv>
</TextLine>
<TextLine custom="readingOrder {index:12;}" id="r1l16">
<Coords points="953,1868 1093,1865 1234,1863 1374,1861 1515,1858 1655,1856 1796,1853 1936,1852 2077,1850 2217,1847 2358,1846 2499,1844 2639,1842 2780,1840 2920,1838 3061,1835 3201,1832 3342,1831 3482,1827 3623,1824 3764,1820 3764,1732 3623,1736 3482,1739 3342,1743 3201,1744 3061,1747 2920,1750 2780,1752 2639,1754 2499,1756 2358,1758 2217,1759 2077,1762 1936,1764 1796,1765 1655,1768 1515,1770 1374,1773 1234,1775 1093,1777 953,1780"/>
<Baseline points="953,1839 1093,1836 1234,1834 1374,1832 1515,1829 1655,1827 1796,1824 1936,1823 2077,1821 2217,1818 2358,1817 2499,1815 2639,1813 2780,1811 2920,1809 3061,1806 3201,1803 3342,1802 3482,1798 3623,1795 3764,1791"/>
<TextEquiv>
<Unicode>de perte de temps qu’elle lui a fait éprouver en ne comparaissant pas devant </Unicode>
</TextEquiv>
</TextLine>
<TextLine custom="readingOrder {index:13;}" id="r1l17">
<Coords points="902,1990 1044,1990 1187,1990 1330,1990 1473,1988 1616,1987 1758,1987 1901,1985 2044,1984 2187,1981 2330,1979 2472,1977 2615,1975 2758,1972 2901,1969 3044,1966 3186,1963 3329,1960 3472,1956 3615,1952 3758,1948 3758,1860 3615,1864 3472,1868 3329,1872 3186,1875 3044,1878 2901,1881 2758,1884 2615,1887 2472,1889 2330,1891 2187,1893 2044,1896 1901,1897 1758,1899 1616,1899 1473,1900 1330,1902 1187,1902 1044,1902 902,1902"/>
<Baseline points="902,1961 1044,1961 1187,1961 1330,1961 1473,1959 1616,1958 1758,1958 1901,1956 2044,1955 2187,1952 2330,1950 2472,1948 2615,1946 2758,1943 2901,1940 3044,1937 3186,1934 3329,1931 3472,1927 3615,1923 3758,1919"/>
<TextEquiv>
<Unicode>les Bureaux du Conseil et les dépens. Point de droit - Devait-on donner </Unicode>
</TextEquiv>
</TextLine>
<TextLine custom="readingOrder {index:14;}" id="r1l18">
<Coords points="953,2116 1093,2116 1234,2114 1375,2114 1516,2113 1656,2111 1797,2111 1938,2110 2079,2108 2219,2107 2360,2105 2501,2104 2642,2101 2782,2099 2923,2096 3064,2093 3205,2090 3345,2087 3486,2084 3627,2081 3768,2077 3768,1989 3627,1993 3486,1996 3345,1999 3205,2002 3064,2005 2923,2008 2782,2011 2642,2013 2501,2016 2360,2017 2219,2019 2079,2020 1938,2022 1797,2023 1656,2023 1516,2025 1375,2026 1234,2026 1093,2028 953,2028"/>
<Baseline points="953,2087 1093,2087 1234,2085 1375,2085 1516,2084 1656,2082 1797,2082 1938,2081 2079,2079 2219,2078 2360,2076 2501,2075 2642,2072 2782,2070 2923,2067 3064,2064 3205,2061 3345,2058 3486,2055 3627,2052 3768,2048"/>
<TextEquiv>
<Unicode>défaut contre la veuve Voyon non comparante ni personne pour elle </Unicode>
</TextEquiv>
</TextLine>
<TextLine custom="readingOrder {index:15;}" id="r1l19">
<Coords points="947,2248 1087,2246 1228,2245 1368,2243 1509,2243 1650,2243 1790,2242 1931,2242 2071,2242 2212,2240 2353,2239 2493,2239 2634,2237 2774,2234 2915,2232 3056,2228 3196,2225 3337,2221 3477,2215 3618,2209 3759,2201 3759,2114 3618,2122 3477,2128 3337,2134 3196,2138 3056,2141 2915,2145 2774,2147 2634,2150 2493,2152 2353,2152 2212,2153 2071,2155 1931,2155 1790,2155 1650,2156 1509,2156 1368,2156 1228,2158 1087,2159 947,2161"/>
<Baseline points="947,2219 1087,2217 1228,2216 1368,2214 1509,2214 1650,2214 1790,2213 1931,2213 2071,2213 2212,2211 2353,2210 2493,2210 2634,2208 2774,2205 2915,2203 3056,2199 3196,2196 3337,2192 3477,2186 3618,2180 3759,2172"/>
<TextEquiv>
<Unicode>quoique dument appelée et pour le profit adjuger au demanderesse </Unicode>
</TextEquiv>
</TextLine>
<TextLine custom="readingOrder {index:16;}" id="r1l20">
<Coords points="953,2368 1093,2365 1234,2363 1375,2362 1516,2360 1657,2360 1798,2360 1939,2360 2080,2360 2221,2360 2362,2359 2502,2359 2643,2359 2784,2357 2925,2356 3066,2353 3207,2350 3348,2347 3489,2342 3630,2336 3771,2329 3771,2242 3630,2249 3489,2255 3348,2260 3207,2263 3066,2266 2925,2269 2784,2270 2643,2272 2502,2272 2362,2272 2221,2273 2080,2273 1939,2273 1798,2273 1657,2273 1516,2273 1375,2275 1234,2276 1093,2278 953,2281"/>
<Baseline points="953,2339 1093,2336 1234,2334 1375,2333 1516,2331 1657,2331 1798,2331 1939,2331 2080,2331 2221,2331 2362,2330 2502,2330 2643,2330 2784,2328 2925,2327 3066,2324 3207,2321 3348,2318 3489,2313 3630,2307 3771,2300"/>
<TextEquiv>
<Unicode>les conclusions par elle précédemment prises ? Que devait-on statuer </Unicode>
</TextEquiv>
</TextLine>
<TextLine custom="readingOrder {index:17;}" id="r1l21">
<Coords points="960,2485 1100,2487 1241,2489 1382,2491 1522,2492 1663,2494 1804,2495 1944,2497 2085,2497 2226,2498 2367,2498 2507,2497 2648,2496 2789,2494 2929,2492 3070,2489 3211,2486 3351,2482 3492,2477 3633,2471 3774,2464 3774,2377 3633,2384 3492,2390 3351,2395 3211,2399 3070,2402 2929,2405 2789,2407 2648,2409 2507,2410 2367,2411 2226,2411 2085,2410 1944,2410 1804,2408 1663,2407 1522,2405 1382,2404 1241,2402 1100,2400 960,2398"/>
<Baseline points="960,2456 1100,2458 1241,2460 1382,2462 1522,2463 1663,2465 1804,2466 1944,2468 2085,2468 2226,2469 2367,2469 2507,2468 2648,2467 2789,2465 2929,2463 3070,2460 3211,2457 3351,2453 3492,2448 3633,2442 3774,2435"/>
<TextEquiv>
<Unicode>à l’égard des dépens ? Après avoir entendu la demoiselle Flamand </Unicode>
</TextEquiv>
</TextLine>
<TextLine custom="readingOrder {index:18;}" id="r1l22">
<Coords points="957,2626 1097,2627 1238,2629 1379,2630 1519,2632 1660,2633 1801,2633 1941,2635 2082,2636 2223,2636 2364,2636 2504,2636 2645,2635 2786,2635 2926,2633 3067,2630 3208,2629 3348,2624 3489,2621 3630,2617 3771,2611 3771,2523 3630,2529 3489,2533 3348,2536 3208,2541 3067,2542 2926,2545 2786,2547 2645,2547 2504,2548 2364,2548 2223,2548 2082,2548 1941,2547 1801,2545 1660,2545 1519,2544 1379,2542 1238,2541 1097,2539 957,2538"/>
<Baseline points="957,2597 1097,2598 1238,2600 1379,2601 1519,2603 1660,2604 1801,2604 1941,2606 2082,2607 2223,2607 2364,2607 2504,2607 2645,2606 2786,2606 2926,2604 3067,2601 3208,2600 3348,2595 3489,2592 3630,2588 3771,2582"/>
<TextEquiv>
<Unicode>en ses demandes et conclusions et en avoir délibéré conformément à </Unicode>
</TextEquiv>
</TextLine>
<TextEquiv>
<Unicode>cent cinquante huit. La veuve  Voyon n’ayant pas comparu 
la cause fut renvoyée devant le Bureau Général du dit Conseil 
séant le vendredi cinq Février mil huit cent cinquante huit. Cité 
pour le dit jour cinq février la demoiselle Flamand comparut
A l'appel de la cause la veuve Voyon comparut pas. A
l’appel de la cause la demoiselle Flamand se présenta et conclut à 
ce qu’il plut au Bureau Général du dit Conseil donner défaut 
contre la veuve Voyon non comparante ni personne pour elle 
quoique dument appelée et pour le profit la condamner à lui payer 
avec intérêts suivant la loi la somme de vingt un francs cinquante
centimes qu’elle lui doit pour prix de travaux par elle fait pour son 
comptes et d’après ses ordres, plus une indemnité pour le préjudice 
de perte de temps qu’elle lui a fait éprouver en ne comparaissant pas devant 
les Bureaux du Conseil et les dépens. Point de droit - Devait-on donner 
défaut contre la veuve Voyon non comparante ni personne pour elle 
quoique dument appelée et pour le profit adjuger au demanderesse 
les conclusions par elle précédemment prises ? Que devait-on statuer 
à l’égard des dépens ? Après avoir entendu la demoiselle Flamand 
en ses demandes et conclusions et en avoir délibéré conformément à </Unicode>
</TextEquiv>
</TextRegion>
</Page>
</PcGts>