4608 3072
1479 582 3918 700 la loi ; attendu que la demande de la demoiselle Flamand est juste et fondée ; que d’ailleurs
1479 691 3924 809 elle n’est pas contestée par la veuve Voyon non comparante ni personne pour elle quoique dument appelée ;
1502 794 3948 914 attendu qu’en ne comparaissant pas devant les Bureaux du Conseil la veuve Voyon a causé à la demoiselle
1491 915 3905 1015 Flamand un préjudice de perte de temps, ce qu’elle doit réparer ; Par ces motifs - Le Bureau Général
1478 1023 3914 1117 jugeant en dernier ressort ; Donne défaut contre la veuve Voyon non comparante ni personne pour
1464 1135 3929 1229 elle quoique dument appelée ; Et adjugeant le profit du dit défaut ; condamne la veuve Voyon
1503 1244 3893 1335 à payer avec intérêts suivant la loi à la demoiselle Flamand la somme de vingt un francs
1478 1361 3956 1446 cinquante centimes qu’elle lui doit pour prix de travaux ; Condamne la veuve Voyon aux dépens taxés et
1476 1471 3957 1559 liquidés en vers la demanderesse à la somme de quatre vingt dix centimes, et à celle de soixante quinze
1445 1581 3950 1672 centimes envers le Trésor Public pour le papier timbré de la présente minute, conformément à la loi
1499 1688 3983 1790 du sept aout mil huit cent cinquante, ence, non compris le cout du présent jugement, la signification
1493 1799 3944 1913 d’icelui et ses suites. Et vu les articles 435 du code de procédure civile, 27 et 42 du secret du onze juin
1499 1911 3950 2033 1809 pour signifier au défendeur le présent jugement, commet Potin, l’un de ses huissiers audienciers.
1497 2045 2447 2148 Ainsi jugé les jour moi et ans que dessus.
