3024 4032
918 4 2958 145 Audience du Vendredi huit octobre mil huit cent quarante sept
935 98 2949 238 Siégeant : Messieurs Depoully, Président Compagnon, Larerette, Francillon,
906 202 2958 335 Huot, Souvraz, Thibert, Bertin, Pruvost, Marienval, Prud'hommes titulaires et Mr
906 307 2976 430 Lemionnier, prud'homme suppléant, en remplacement de Monsieur Portier, prud'homme titulaire
915 406 2441 503 empéché pour cause de maladie assistés de Mr Corbin, secrétaire.
918 499 2936 614 Entre Madame Annette Dusansy, épouse assistée et autorisée du sieur Jean Cresson, son mari, et ce
899 605 2970 712 dernier pour la validité, demeurant tous deux à Paris, rue du Bouloy numéro vingt six, demandeurs,
908 709 2979 808 comparants - D'une part = Et Monsieur Vernhès, tailleurs demeurant et domicilié
912 805 2985 905 à Paris, rue Vivienne, numéro quarante six, près le boulevard. Défendeur défaillant, d'Autre part
903 905 3018 995 = faits = Les sieurs et dame Cresson sont créanciers du sieur Vernhès de la somme de soixante set francs
908 1008 2985 1092 cinquante centemes pour salaires de journées de travail faits pour le dit Vernhès par la dite dame Cresson
902 1110 2981 1183 ne pouvant se faire payer les époux Cresson dirent citer Vernhès devant les bureaux particuliers des vingt
915 1200 2988 1279 huit et vingt neuf septembre mil huit cent quarante sept pour se concilier sur la demande en payement de
906 1294 2954 1376 ladite somme, montant des causes surénoncées. Le sieur Vernhès n'ayant pas comparu ni personne
911 1401 2967 1471 pour lui quoique dûment cité, la cause fut renvoyée au bureau général dudit conseil du huit octobre
908 1494 2994 1570 mil huit cent quarante sept. Cité pour ce jour Vernhès ne se présenta pas. Les demandeurs requirent défauts
912 1600 2958 1684 contre le défendeur non comparant ni personne pour lui quoique dîment cité et qu'il fut condamné à leur
909 1698 2985 1782 payer la somme de soixante sept francs cinquante centimes pour salaires de journées de travail avec
905 1788 2976 1873 indemnité pour temps perdu et les dépens. = Point de Droit = devait-on donner défaut contre le défendeur
914 1888 2964 1970 non comparant et pour le profit adjuger aux demandeurs les conclusions par eux prises ? Que devait-il être statué à l'égard
924 1988 2967 2066 des dépens ? Après avoir entendu les époux Cresson en leurs demandes et condlusions et en avoir délibéré conformé¬
908 2098 2951 2183 -ment à la loi - attendu que la demande des époux Cresson parait juste et bien fondée ; que d'ailleurs elle n'est pas
909 2196 2954 2275 contestée par Vernhès non comparant ni personne pour lui quoique dpument cité - attendu qu'en ne comparaissant
921 2286 2943 2367 pas devant les bureaux de conciliation Vernhès a caus" à la femme Cresson un préjudice de perte de temps qu'il doit réparer.
905 2380 2900 2458 Par ces motifs = le bureau général jugeant en dernier ressort ; donne aux demandeurs, ce requérant, défaut contre le
905 2476 2927 2554 défendeur non comparant quoique dûment appelé, et adjugeant le profit du dit défait condamner Vernhès à payer
921 2570 2933 2649 aux époux Cresson, pour salaire de journées de travail la somme de soixante sept franncs cinquante centimes
920 2663 2937 2742 avec intérêts à partir du vingt neuf septembre mil huit cent quarante sept, jour de la demande, plus celle
911 2758 2927 2836 de quatre francs cinquante centimes pour indemnité de temps perdu. Le condamne en outre aux dépens taxés
912 2848 2876 2936 et liquidés à la domme de quatre vingt six centimes, ence non compris l'enregistrement du présent
911 2942 2928 3035 jugement, le cout de l'expédition, sa signification et ses suites. Et vu les articles qutre cent trent cinq du
927 3036 2883 3123 code de procédure civile, vingt sept et quaante deux du décret du onze juin mil huit cent neuf pour
905 3122 2918 3220 signifier au défendeur le présent jugement commet Bizard, l'un de ses huissiers audienciers. Fait et jugé
902 3226 1931 3319 en audience publique les jour, mois et an que dessus.
