3000 4000
501 157 1259 285 M. De la Verpilliere P. D. Mr
485 299 786 386 M.Chirat,
483 386 839 476 M.Claviere
483 479 813 564 M.Bertin
486 570 794 658 M.Audra
1515 193 2601 362 Du Mardy Dix neuf fevrier
1467 326 2589 470 Mil Sept Cent Soixante et onze, En L'hotel Commun
1476 446 2115 575 De la Ville De lyon y étant
492 758 897 850 Cochet
459 937 921 1040 Mazuel
1082 617 2597 759 Entre la nommée Cochet fille domestique Demdsse. et le Sr marzuel
1022 726 2603 862 maitre fabricant en cette ville deffendr. Vû L'assignation donnée à ce Dier Le
1016 831 2603 954 jour d hier par l'huissier Bertaud pr en venir en cette audce aux fins de se
1019 929 2591 1053 voir condamner avec depens et par corps a payer à ladite demdsse la somme
1001 1037 2603 1147 De  quarante trois livres seize sols pour solde de gages, ainsi qu'il avoit
1004 1140 2609 1240 été reglé par m. Claviere echevin, oüi les parties de même que Marie
1005 1254 1382 1342 Pierre Prost #.
1082 1346 2606 1434 Il est dit que ledit Mazuel est condamné et sera contraint même par
1014 1444 2601 1533 corps de payer à ladite Cochet la somme de quarante trois livres seize sols
1007 1543 2598 1637 pour solde de gages avec Depens liquides à trente sol outre ceux de mise
1001 1657 2612 1732 à éxécution des présentes, et sur la requisition dud. mazuel payera
996 1756 2607 1829 douze livres dans trois jours à compter d'aujourd'hui et le surplus à raison
998 1853 2610 1934 de trois livres par mois, dont le premier terme écherra le vingt cinq mars
980 1948 2606 2035 prochain, et ainsi continuer semblables payemens à pareille echéance
995 2045 2609 2136 de chaque mois ensuite jusqu'à l'entier acquitement et à defaut d'être
1001 2144 2588 2235 exact à chaque terme sera contrant pour tout ce qui se trouvera en
996 2231 1950 2318 reste et par jugement en Der ressort #.
470 2330 1068 2466 Ferroussat
426 2555 942 2657 Donzier
1113 2335 2604 2442 Entre Jean marie ferroussat mtre fabqt demdr et ledit
1001 2466 2597 2562 Donzier marchand did. art deffendr. Vû l'assignaton donnée à ce der. le jour d'hier par
984 2561 2586 2663 l'huissier Bertaud pour en venir en cette audce. aux fins de se voir condamner avec
995 2664 2591 2757 depens et par corps à payer aud. demandr. la façon d'une pièce drapée
989 2742 2585 2853 tirant 64 aunes a raison de vingt cinq sols rendue en 8bre. 1767. Oüi les
989 2836 2597 2962 femmes ferroussat et Donzier faisant pour leurs maris; et oüi sur le tout
995 2932 1502 3023 marie Pierre Prost #.
1079 3042 2579 3159 Il est dit que ledit Donzier est condamné et sera contraint même par
996 3131 2574 3253 corps de payer audi. ferroussat la somme de soixante quatre livres à
977 3223 2552 3349 laquelle nous avons fixé d'office la façon de l'etoffe dont il s'agit, plus
968 3315 2546 3452 Depens liquides à trente sols outre ceux de mise a exécution des
978 3411 2997 3568 présentes ; et acte  du payement présentement fait par ladite
984 3537 2562 3652 femme Donzier à lad. femme ferroussat p son mary de la somme
989 3607 2564 3758 de soixante cinq livres dix sols pour le montant des condamnations
987 3692 2039 3855 cy dessus et par jugemt en der. ressort #.
203 203 434 356 Labe
213 380 444 507 Dutel
621 86 2561 179 Entre antoine Labe compagnon fabricant demdr et le nommé
591 203 2546 291 Dutel maître dud. art Deffendr. vû l'assignation donnée à ce der. Le cinq
576 306 2585 396 de ce mois par l'huissier vincent pour en venir en cette audce. aux fins de
581 417 2561 500 se voir condamner avec depens et par corps  de payer aud. Labe la
575 515 2570 599 somme de trente cinq livres pour la façon de six aunes taffetas Broche
578 616 2505 701 à raison de 3£ 10s l'aune, aux offres d'allouer tous payemens; oüi les
585 711 1608 808 parties de même que M.P.Prost. #
651 818 2574 912 Il est dit que led. Dutel est condamné et sera contraint même par
594 924 2573 1021 corps de payer aud. Labe la somme de six livres dix neuf sols neuf
600 1020 2559 1120 deniers pour solde de la façon de l'etoffe dont il s'agit avec depens
594 1118 2558 1230 liquidés à trente sols outre ceux de mise a exécution des présentes
600 1213 2501 1337 et sur la requisition dud. Dutel payera à raison de trente sols par
600 1323 2561 1444 mois dont le premier payement sera fait le dix neuf mars prochain, et
606 1422 2516 1546 ainsi continuer semblables payements à pareille echéance de chaque mois
611 1533 2474 1647 ensuite jusqu'à l'entier acquitement et à defaut d'être exact à chaque
615 1638 2570 1753 terme sera contraint pour tout ce qui se trouvera Dû en reste, et par
609 1769 1061 1864 jugement der. #
233 1950 563 2048 Dujast
225 2165 503 2259 Grand
690 1878 2550 2016 Entre le nommé Dujast maitre fabricant demdr et le nommé Grand
621 1976 2529 2129 maitre dud. art Deffendeur. sur la demande formée par led. Dujast aud Grand
612 2084 2514 2228 de la somme de quarante neuf livres pour solde du prix de differens ustanciles
621 2193 2465 2325 de metier propres à la fabrication des etoffes de soyes suivant le compte qu
618 2295 2528 2440 en a été produit aud. grand. oüi les parties comparues en cette audiance, oüi les
609 2402 2211 2548 mtres. jurés gardes fabricans en leur avis, et oüi marie Pierre Prost #
690 2530 2510 2668 il est dit que led. grand est condamné et sera contraint même par corps
630 2636 2540 2783 de payer audit Dujast la somme de quarante neuf livres pour solde du prix
630 2733 2567 2883 des articles du compte dont il s agit avec depens liquides à trente sols outre
648 2838 2406 2979 ceux de mise a exécution des présentes ; et par jugement en der. ressort #
272 3000 629 3116 Niviere
249 3238 645 3302 Capitan
714 2981 2580 3110 Entre antelme Niviere compagnon fabricant demandeur et rene Capitan
651 3093 2535 3218 maitre dud. art deffendeur et oposant. vû notre sentence par défaut contre ce
645 3202 2495 3298 Der. du 15 du precedent mois duement scellée et signiffiée le vingt six dud. mois
633 3290 2441 3397 par l'huissier cusset avec commandement ensemble l'assignation donnée aud.
648 3379 2510 3488 Capitan par le même huissier le 4e de ce mois p en venir pardevant nous aux
645 3460 2507 3580 fins de voir dir sans s'arreter à l'oposition par luy formée le 28 dud. mois de jer der
651 3560 2507 3668 par exploit de l'Her. Doriel à notre d. sentence, de laquelle il sera deboutté que
651 3653 2573 3763 nostres sentence sera exécutée avec depens de l'incident, oüi les parties de même
921 174 1539 311 que marie Pierre Prost #.
1008 263 2514 402 il est dit sans avoir egard à l'opoon formée par led. Capitan à notre
933 369 2585 554 sentence du quinze Janvier dernier de laquelle il est deboutté que notre
918 473 2550 611 sentence sera exécutée led. Capitan condamné aux depens de l'incident
921 581 2562 716 liquides y compris ceux cy devant adjugés a cinq livres cinq sols neuf
924 682 2559 811 deniers outre ceux de mise a exécution et sur la requisition dud capitan
935 783 2562 908 payera la somme de treize livres portée en notre susd. sentence avec
929 887 2561 1014 depens à raison de trente sols par mois dont le premier terme echerra
903 996 2571 1119 le 20e mars prochain, et ainsi continuer semblables payemens après chaque
918 1102 2580 1222 echéance de chaque mois ensuite jusqu'à l'entier acquitement et à défaut d
927 1210 2583 1318 etre exact a chaque terme sera contraint pr tout ce qui se trouvera
909 1311 2583 1418 en reste, en conséquence les executions commencées seront continuées
923 1421 2532 1517 parfaites et parachevées, et par jugement en Der. ressort #.
396 1604 1019 1695 fabricans
359 1791 725 1872 Bois
1019 1580 2585 1676 Vû le procès verbal fait par Bertaud huissier royal le vingt
942 1692 2579 1788 janvier dernier à la requête et accompagné des S. jurés gardes de la
933 1800 2592 1888 comté. des maitres et marchands fabricans en etoffes de soye de cette ville
935 1909 2591 1985 par lequel il est établi que le nommé Bois maitre dud. art etoit
945 2010 2595 2094 contrevenû aux dispositions des reglemens de lad. comté. et des lettres
942 2114 2589 2207 patentes du mois de Jer. 1726 en achetant des soyes de toutes mains sans
945 2219 2598 2313 justifier par factures ny livres de compte de qui il tenoit lesdites soies.
936 2328 2595 2422 pour en constater led. huissier à la susd. requisition avoit saisi et
939 2422 2601 2531 enlevé au préjudice et dans le domicile dud. Bois plusieurs pantines de
948 2528 2595 2645 soye trame de differentes couleurs du poid d'onze livres trois onces dix
930 2643 2577 2756 deniers, desquelles ainsi que du livre représenté par led. Bois avoit
957 2741 2601 2868 été fait un paquet, et du tout avoit été rédigé led. verbal, ensuite
960 2847 2595 2982 duquel assignation a été donnée aud. bois le jour d'hier par l'
948 2958 2577 3095 huissier Bertaud pr en venir en cette audce. aux fins de se voir
954 3065 2586 3206 condamner aux peines et amandes resultantes de sad. contravention.
936 3162 2595 3321 Vû les soyes saisies ensemble les reglemens et lettres patentes cy dessus
948 3284 2574 3434 enoncés ; Oüi lesd. Sr. Jurés gardes, led. Bois n'étant comparu ni
933 3416 2520 3542 personne p Luy et oüi sur le tout marie Pierre Prost #
1041 3504 2574 3660 Il est dit, defaut faute de comparution contre led. Bois et pour
933 3624 2556 3767 le profit d'iceluy, pour la contravention par lui commise et
945 3731 2553 3885 constatée par le procès verbal de l'huissier Bertaud aux dispositions
956 3858 2566 3977 des art. 4. 5. et 7. des reglemens de la grande fabrique de 1744 cy dessus
687 257 2658 369 ceux de 1737. et des lettres patentes de janvier 1726, en achetant des
690 371 2718 459 soyes de toutes mains sans justifier de qui il les tenoit par factures
683 473 2739 554 ny livres de commerce, que les soyes saisies et enoncées aud. procès
674 575 2774 656 verbal sont et demeurent confisquées, # Bois condamné en l'amande
693 676 2705 762 de cinq cent livres au payement de laquelle il sera contraint même
695 777 2747 873 par corps avec depens liquides à sept sols outre ceux de
698 893 2733 993 mise a exécution des présentes, deffenses luy étant faites de recidiver
701 990 2765 1108 sous plus grandes peine, et acte de la remise presentement faite auxd.
690 1082 2738 1225 jurés gardes fabricans des soyes cy dessus confisquées au moyen de
707 1190 2687 1336 quoy tous depositaires valablement dechargés et passé outre #
258 1415 812 1540 fabricans
264 1575 462 1666 aumones
812 1362 2726 1491 Sur ce qui a été représenté au consulat par les sindics maitres gardes et
713 1477 2786 1595 inspecteurs et controlleurs jurés de la comté des maitres et Mds. fabqs en etoffe de soye
708 1581 2694 1694 de cette ville que la cessation presque entière de travail réduisant le plus grand
696 1672 2730 1784 nombre des maitres de leur comté à la plus cruelle misère, ils avoient sur notre
705 1779 2739 1883 permission tenue une assemblée de leurs corps dans laquelle par deliberation
705 1878 2753 1987 p du 14e. de ce mois il avoit entre autre choses été arrêté qu'il seroit prelevé ds
711 1974 2733 2098 deniers de la comté une somme de six mille livres pour etre employée au
699 2083 2754 2207 soulagement des ouvriers de la fabrique les plus necessiteux; mais comme ils
705 2182 2762 2316 ne pouvoient faire l'emploi de cette somme qu'autant qu'il nous plairoit de
702 2283 2762 2425 les y autoriser ils nous suplioient en hommologuant ladite deliberation les
726 2383 2834 2533 autoriser a employer dans la depense de leur compte la susd. somme de
723 2503 2399 2643 600£ surquoy vû la susd. deliberation, et oüi M.P.Prost #
765 2601 2769 2764 Le consulat a autorisé les maitres gardes actuels de la comté des fabricans
744 2707 2768 2880 en etoffes de soye de cette ville a prelever sur les deniers apartenants à lad.
741 2795 2741 2986 communauté la somme de six mille livres pour etre employée
732 2910 2751 3096 au soulagement des pauvres ouvriers de leur proffession conformément et
747 3011 2726 3192 au desit de la delibération du quatorze de ce mois laquelle demeure
738 3109 2778 3301 à cet effet hommologuée, et sera en conséquence la susd. somme allouée
744 3214 2802 3411 dans la depense de leur compte en justifiant par eux de l'emploi d'icelle
741 3367 2130 3520 au susd. usage. fait le 19 fer. 1771 ##
