4000 6000
210 639 1186 775 Commissariat Spécial
250 909 1118 1026 Police politique
310 1437 1040 1551 Etoffes unies
294 1969 1112 2077 Etoffes façonnées
326 2505 1066 2607 Velours unis
314 3213 1106 3299 Velours façonnés
356 4003 1046 4089 Dévidage
366 4677 1080 4781 Moulinage
364 5017 1052 5117 Ourdissage
1630 603 3634 809 Situation industrielle à Lyon
1690 813 2738 965 au 3 octobre 1859
2286 1126 3646 1287 Le travail s'est complètement ralenti dans cette
2094 1272 3692 1440 partie. Plus de la moitié des métiers sont en chômage.
1286 1361 1808 1491 2.00 à 2.50
2112 1426 3574 1556 Les ouvriers qui travaillent encore ont subi une
2096 1571 3078 1709 diminution de 10f par mètre.
2308 1835 3566 1969 Le travail est dans les mêmes conditions.
1284 1899 1822 2029 2.50 à 3.00
2276 2115 3644 2249 Les métiers pour velours sont en grande partie
2160 2247 3684 2403 insecurisés. Les ouvriers qui travaillent pour le compte
2140 2389 3728 2537 d'un chef d'atelier gagnent à peine de 35 à 45f par mois.
1304 2455 1830 2585 1.75 à 2.00
2136 2549 3722 2685 Quant à ceux qui ont leur métier ils ont subi une
2102 2705 3034 2831 diminution de 50c par mètre.
2354 2973 3666 3099 Les velours façonnés sont dans les mêmes
2154 3129 3686 3271 conditions et dans certains articles il y a eu jusqu'à
1300 3180 1854 3285 3.00 à 3.75
2134 3291 3118 3411 75c de diminution par mètre.
2374 3577 3752 3703 Le dévidage est arrivé comme les autres parties
2180 3723 3690 3855 de la fabrique au plus fort du chomâge. Dans
2176 3863 3662 3997 mon dernier rapport je signalais un tiers d'ouvriers
1388 4001 1752 4113 1.50 à 2.00
2182 4013 3708 4143 innocupés aujourd'hui c'est plus de la moitié et encore
2200 4159 3664 4285 cette faible moitié ne travaille-t-elle que par
2192 4319 2512 4423 moments.
2382 4599 3682 4715 Se trouve dans les mêmes conditions
1360 4699 1886 4807 1.25 à 1.50
2186 4763 2698 4875 que le dévidage
1382 5064 1834 5127 200 à 350
2394 5063 3576 5173 On peut en dire autant de l'ourdissage
1470 5147 1712 5211 par an
