4000 6000
465 587 1337 772 Apprétage des étoffes
436 1064 1104 1262 Lisseuses
486 1604 1290 1786 Peigniers pr la fabrique
442 2184 1048 2340 Tullistes
422 2600 1218 2770 Fabt de Châles
406 3080 1284 3238 Ornements d'Eglise
418 4328 1212 4502 Teinturerie
1496 598 1934 670 1.25 à 1.50
1646 665 1854 740 par mois
1456 1076 2004 1153 2.50 à 3.50
1464 1625 1997 1703 3.00 à 5.00
1454 2196 1975 2313 2.50 à 5.00
1454 2617 1974 2741 3.50 à 4.50
1446 3119 1965 3222 3.50 à 4.00
2500 385 3788 531 Le travail se maintient encore mais va
2314 536 3732 662 arriver au premier jour dans un chômage
2330 673 2582 784 complet.
2500 945 3744 1069 Le prix de la journée n'a pas varié dans
2320 1087 3752 1209 cette partie mais le travail est en pleine décadence.
2484 1354 3796 1487 Le travail s'est maintenu jusqu'à ce jour.
2296 1509 3900 1641 On n'a pas encore renvoyé d'ouvriers mais les commandes
2322 1647 3852 1771 n'arrivent plus et l'on s'attend ainsi à un chômage
2310 1796 2878 1909 qui est imminent.
2480 2084 3896 2205 Il n'y a pas eu de variation dans cette partie
2266 2228 3178 2351 depuis mon dernier rapport.
2492 2525 3892 2638 Le travail s'est peu ralenti il y a eu cependant
2262 2665 3534 2783 diminution dans le prix de fabrication.
2502 2954 3854 3067 Cette partie est toujours dans les mêmes
2294 3104 3914 3221 conditions. Il existe très peu de métiers dont la mejeure
2302 3264 3302 3381 partie font l'ornement en faux.
2496 3556 3932 3674 La teinturerie se ressent du chômage de la fabrique.
2330 3700 3806 3808 Cependant ce chômage se fait plus ou moins
2322 3841 3398 3962 sentir dans certains ateliers ainsi :
2518 3985 3936 4093 Chez M. Michel à la quarantaine il existe toujours
2348 4123 3940 4239 le même nombre d'ouvriers mais ils se reposent un jour
2312 4278 2756 4398 par semaine.
2482 4410 3888 4529 Chez M. Renau, quai Pierre-seize il y avait le mois
2282 4552 3842 4679 précédent 20 ouvriers en repos par jour aujourd'hui ils sont
2288 4717 2654 4826 tous occupés.
2498 4857 3894 4968 Chez M. Gilet à Serin il y a 50 ouvriers de moins que le mois
2282 5002 3758 5117 dernier et ils ne travaillent que la moitié de la semaine.
2466 5146 3800 5265 Chez m. Vindry quai St Vincent le travail a repris.
1430 4362 1986 4498 3.50 à 4.00
