4000 6000
378 562 1470 712 Préfecture du Rhône
1850 856 3602 1018 Situation de l'industrie
358 1036 1310 1194 Commissariat Spécial
1558 1032 3522 1224 à Lyon au 15 décembre 1860
392 1414 1454 1574 Police politique
2114 2454 3716 2588 Depuis le dernier trimestre cette partie n'a pas chômé.
1996 2602 3696 2752 Tous les ouvriers sont occupés et ont du travail encore pour
1232 2652 1772 2782 2 à 2.50
360 2704 1128 2832 Etoffes unies
2008 2764 3628 2914 quelques temps. Les prix sont toujours à peu près les mêmes.
2144 3070 3682 3208 Cet article est aujourd'hui en pleine vague. Les ouvriers
2004 3232 3784 3374 n'éprouvent plus de perte de temps à attendre la remise des pièces
298 3370 1760 3500 Etoffes façonnées 3 à 3.50
2018 3382 3742 3522 et sont au contraire pressés par les fabants. Le prix des façons
2016 3564 2514 3680 a été augmenté.
2132 3856 3802 3986 Pas de variation dans cette partie depuis le dernier trimestre.
342 3968 1736 4104 Velours unis 1.75 à 2
1940 4012 3526 4148 Les métiers sont peu nombreux et tous sont occupés.
2150 4318 3816 4446 Cette partie marche bien et l'ouvrier qui a son métier chez lui peut
2038 4468 3808 4604 gagner de 4 à 5f par jour. Il y a eu redudescence dans le travail depuis
1280 4500 1798 4620 3 à 3.50
354 4506 1180 4632 Velours façonnés
2026 4636 2546 4752 le dernier trimestre.
396 4900 1032 5042 Devidage
2142 4940 3750 5056 Cette partie est en pleine activité. Les ouvriers manquent
1324 4954 1996 5070 1.50 à 1.75
