4000 6000
1292 1195 1873 1337 5.40 à 5.75
1278 1544 1808 1761 2.50 à 3
1250 2011 1845 2210 3 à 3.50
1236 2479 1817 2644 3 à 3.50
1250 2937 1798 3140 3.50 à 4
1242 3509 1874 3776 3.50 à 4.50
1238 4244 1808 4453 2 à 3
1298 4895 1832 5091 3.50 à 4.50
390 1222 1134 1404 Moulinage
396 1584 970 1746 Lisseuses
318 2036 1168 2210 Liseurs de dessins
430 2490 878 2652 Plieurs
350 2948 1152 3112 Imprimeurs sur étoffes
372 3582 814 3742 Châles
392 4262 978 4460 Tullistes
302 4912 1132 5084 Teinturiers en soie
2158 1041 3718 1179 N'a jamais mieux marché qu'aujourd'hui. Il y a eu une
2050 1193 3614 1351 augmentation de 15c dans le prix de la journée de travail
2182 1497 3490 1637 Sont toutes occupées. Les prix sont les mêmes.
2090 1803 3790 1943 Sont tous occupés mais n'ont pas un travail régulier. Les ouvriers
2048 1969 3820 2103 à leurs pièces vont gagner jusqu'à 12f par jour et resteront ensuite 2 ou 3
2064 2137 2600 2261 jours sans ouvrage.
2158 2437 3378 2573 Sont dans les mêmes conditions que les liseurs.
2182 2750 3826 2891 Tous les ouvriers sont occupés cependant le travail marche péniblement.
2042 2910 3246 3047 les commissions n'arrivent que de loin en loin.
2184 3080 3108 3199 Les prix sont toujours les mêmes.
2174 3378 3728 3513 En pleine activité pour le moment, on espère que le travail se
2039 3576 3800 3648 maintiendra. Quelques fabt ont donné une augmentation de 1/2 par
2054 3705 2658 3843 1,000 coups de navette.
2138 3981 3828 4127 Depuis un mois environ le travail a baissé surtout fans la partie des
2046 4136 3778 4277 tulles dite Bobin. Les métiers à la chaine et circulaires qui, il y a quelques
2054 4286 3692 4425 jours ne marchaient presque plus, paraissent reprendre depuis une
2060 4471 2328 4587 quinzaine.
2154 4747 3826 4881 Cette partie est dans de très bonnes conditions. Tous les ateliers sont au grand
2032 4891 3828 5037 complet et dans certains tels que chez M.M Renard, Guinon et Bonchart les ouvriers
2018 5061 2928 5187 travaillent encore après leur journée.
