<?xml version="1.0" encoding="utf-8"?>
<PcGts xmlns="http://schema.primaresearch.org/PAGE/gts/pagecontent/2013-07-15" xmlns:tu="timeUs" xmlns:xsi="http://www.w3.org/2001/XMLSchema-instance" xsi:schemaLocation="http://schema.primaresearch.org/PAGE/gts/pagecontent/2013-07-15 http://schema.primaresearch.org/PAGE/gts/pagecontent/2013-07-15/pagecontent.xsd">
<Metadata>
<Creator>prov=University of Rostock/Institute of Mathematics/CITlab/Tobias Gruening/tobias.gruening@uni-rostock.de:name=/net_tf/LA73_249_0mod360.pb:de.uro.citlab.module.la.core.CITlab_LA_ML:v=?0.1
TRP</Creator>
<Created>2018-03-27T11:06:15.095+02:00</Created>
<LastChange>2018-03-28T17:53:23.636+02:00</LastChange>
<tu:title>2I47A/Police politique1</tu:title><tu:desc>No description.</tu:desc><tu:pagenumber>16</tu:pagenumber></Metadata>
<Page imageFilename="IMG_0113.JPG" imageHeight="6000" imageWidth="4000" tu:id="16" tu:url="https://dbis-thure.uibk.ac.at/f/Get?id=IGSAUJEGUKIVEJIDELCPHWBX&amp;fileType=view">
<ReadingOrder>
<OrderedGroup caption="Regions reading order" id="ro_1522252403675">
<RegionRefIndexed index="0" regionRef="region_1522246865874_22"/>
<RegionRefIndexed index="1" regionRef="r1"/>
<RegionRefIndexed index="2" regionRef="r5"/>
</OrderedGroup>
</ReadingOrder>
<TextRegion custom="readingOrder {index:0;}" id="region_1522246865874_22">
<Coords points="1046,996 1994,996 1994,5289 1046,5289"/>
<TextLine custom="readingOrder {index:0;}" id="line_1522246871883_23">
<Coords points="1093,1192 1574,1192 1574,1375 1093,1375"/>
<TextEquiv>
<Unicode>3 à 5</Unicode>
</TextEquiv>
</TextLine>
<TextLine custom="readingOrder {index:1;}" id="line_1522246874218_24">
<Coords points="1118,1732 1649,1732 1649,1901 1118,1901"/>
<TextEquiv>
<Unicode>3 à 5.50</Unicode>
</TextEquiv>
</TextLine>
<TextLine custom="readingOrder {index:2;}" id="line_1522246875918_25">
<Coords points="1108,2134 1649,2134 1649,2268 1108,2268"/>
<TextEquiv>
<Unicode>3 à 550</Unicode>
</TextEquiv>
</TextLine>
<TextLine custom="readingOrder {index:3;}" id="line_1522246877862_26">
<Coords points="1093,2452 1669,2452 1669,2551 1093,2551"/>
<TextEquiv>
<Unicode>3 à 550</Unicode>
</TextEquiv>
</TextLine>
<TextLine custom="readingOrder {index:4;}" id="line_1522246879738_27">
<Coords points="1128,2729 1683,2729 1683,2908 1128,2908"/>
<TextEquiv>
<Unicode>2.75 à 4.50</Unicode>
</TextEquiv>
</TextLine>
<TextLine custom="readingOrder {index:5;}" id="line_1522246881467_28">
<Coords points="1118,3111 1609,3111 1609,3265 1118,3265"/>
<TextEquiv>
<Unicode>3 à 6</Unicode>
</TextEquiv>
</TextLine>
<TextLine custom="readingOrder {index:6;}" id="line_1522246895077_29">
<Coords points="1186,4003 1737,4003 1737,4187 1186,4187"/>
<TextEquiv>
<Unicode>3 à 4</Unicode>
</TextEquiv>
</TextLine>
<TextLine custom="readingOrder {index:7;}" id="line_1522246904042_30">
<Coords points="1180,4802 1805,4802 1805,4955 1180,4955"/>
<TextEquiv>
<Unicode>3.50 à 4.50</Unicode>
</TextEquiv>
</TextLine>
<TextEquiv>
<Unicode>3 à 5
3 à 5.50
3 à 550
3 à 550
2.75 à 4.50
3 à 6
3 à 4
3.50 à 4.50</Unicode>
</TextEquiv>
</TextRegion>
<TextRegion custom="readingOrder {index:1;}" id="r1" orientation="0.0">
<Coords points="208,1244 208,5241 1070,5241 1070,1244"/>
<TextLine custom="readingOrder {index:0;}" id="r1l1">
<Coords points="254,1401 291,1394 328,1389 365,1383 402,1378 439,1375 476,1370 513,1367 550,1366 587,1364 624,1363 661,1361 698,1359 735,1359 772,1357 809,1357 846,1355 883,1354 920,1353 957,1351 994,1349 994,1244 957,1246 920,1248 883,1249 846,1250 809,1252 772,1252 735,1254 698,1254 661,1256 624,1258 587,1259 550,1261 513,1262 476,1265 439,1270 402,1273 365,1278 328,1284 291,1289 254,1296"/>
<Baseline points="254,1366 291,1359 328,1354 365,1348 402,1343 439,1340 476,1335 513,1332 550,1331 587,1329 624,1328 661,1326 698,1324 735,1324 772,1322 809,1322 846,1320 883,1319 920,1318 957,1316 994,1314"/>
<TextEquiv>
<Unicode>Peigniers p° la fabrique</Unicode>
</TextEquiv>
</TextLine>
<TextLine custom="readingOrder {index:1;}" id="r1l2">
<Coords points="208,1983 248,1978 289,1974 329,1970 370,1966 410,1961 451,1957 491,1955 532,1951 572,1948 613,1945 653,1942 694,1939 734,1936 775,1935 815,1931 856,1930 896,1929 937,1927 977,1927 1018,1925 1018,1820 977,1822 937,1822 896,1824 856,1825 815,1826 775,1830 734,1831 694,1834 653,1837 613,1840 572,1843 532,1846 491,1850 451,1852 410,1856 370,1861 329,1865 289,1869 248,1873 208,1878"/>
<Baseline points="208,1948 248,1943 289,1939 329,1935 370,1931 410,1926 451,1922 491,1920 532,1916 572,1913 613,1910 653,1907 694,1904 734,1901 775,1900 815,1896 856,1895 896,1894 937,1892 977,1892 1018,1890"/>
<TextEquiv>
<Unicode>Ateliers de la Buire</Unicode>
</TextEquiv>
</TextLine>
<TextLine custom="readingOrder {index:2;}" id="r1l3">
<Coords points="304,2347 339,2345 375,2343 410,2341 446,2339 481,2336 517,2333 552,2330 588,2327 623,2325 659,2321 694,2319 730,2315 765,2311 801,2310 836,2305 872,2303 907,2300 943,2297 978,2294 1014,2291 1014,2186 978,2189 943,2192 907,2195 872,2198 836,2200 801,2205 765,2206 730,2210 694,2214 659,2216 623,2220 588,2222 552,2225 517,2228 481,2231 446,2234 410,2236 375,2238 339,2240 304,2242"/>
<Baseline points="304,2312 339,2310 375,2308 410,2306 446,2304 481,2301 517,2298 552,2295 588,2292 623,2290 659,2286 694,2284 730,2280 765,2276 801,2275 836,2270 872,2268 907,2265 943,2262 978,2259 1014,2256"/>
<TextEquiv>
<Unicode>Ateliers du Gd Central</Unicode>
</TextEquiv>
</TextLine>
<TextLine custom="readingOrder {index:3;}" id="r1l4">
<Coords points="256,2623 291,2623 326,2624 361,2625 396,2625 431,2625 466,2623 501,2623 536,2622 571,2621 607,2619 642,2619 677,2617 712,2616 747,2614 782,2611 817,2611 852,2609 887,2608 922,2607 958,2605 958,2500 922,2502 887,2503 852,2504 817,2506 782,2506 747,2509 712,2511 677,2512 642,2514 607,2514 571,2516 536,2517 501,2518 466,2518 431,2520 396,2520 361,2520 326,2519 291,2518 256,2518"/>
<Baseline points="256,2588 291,2588 326,2589 361,2590 396,2590 431,2590 466,2588 501,2588 536,2587 571,2586 607,2584 642,2584 677,2582 712,2581 747,2579 782,2576 817,2576 852,2574 887,2573 922,2572 958,2570"/>
<TextEquiv>
<Unicode>Ateliers d'Oullins</Unicode>
</TextEquiv>
</TextLine>
<TextLine custom="readingOrder {index:4;}" id="r1l5">
<Coords points="244,2963 283,2962 322,2958 362,2956 401,2953 441,2951 480,2950 519,2947 559,2946 598,2945 638,2943 677,2941 716,2939 756,2937 795,2935 835,2933 874,2931 913,2928 953,2926 992,2922 1032,2919 1032,2814 992,2817 953,2821 913,2823 874,2826 835,2828 795,2830 756,2832 716,2834 677,2836 638,2838 598,2840 559,2841 519,2842 480,2845 441,2846 401,2848 362,2851 322,2853 283,2857 244,2858"/>
<Baseline points="244,2928 283,2927 322,2923 362,2921 401,2918 441,2916 480,2915 519,2912 559,2911 598,2910 638,2908 677,2906 716,2904 756,2902 795,2900 835,2898 874,2896 913,2893 953,2891 992,2887 1032,2884"/>
<TextEquiv>
<Unicode>Machines à vapeur</Unicode>
</TextEquiv>
</TextLine>
<TextLine custom="readingOrder {index:5;}" id="r1l6">
<Coords points="240,3329 279,3325 318,3320 357,3317 396,3313 435,3309 474,3307 513,3304 552,3301 591,3299 631,3295 670,3293 709,3291 748,3289 787,3287 826,3287 865,3286 904,3285 943,3285 982,3285 1022,3285 1022,3180 982,3180 943,3180 904,3180 865,3181 826,3182 787,3182 748,3184 709,3186 670,3188 631,3190 591,3194 552,3196 513,3199 474,3202 435,3204 396,3208 357,3212 318,3215 279,3220 240,3224"/>
<Baseline points="240,3294 279,3290 318,3285 357,3282 396,3278 435,3274 474,3272 513,3269 552,3266 591,3264 631,3260 670,3258 709,3256 748,3254 787,3252 826,3252 865,3251 904,3250 943,3250 982,3250 1022,3250"/>
<TextEquiv>
<Unicode>Ornements en bronze</Unicode>
</TextEquiv>
</TextLine>
<TextLine custom="readingOrder {index:6;}" id="r1l7">
<Coords points="246,3601 271,3599 296,3599 321,3598 346,3597 371,3596 397,3595 422,3593 447,3593 472,3591 497,3591 522,3589 548,3587 573,3587 598,3585 623,3584 648,3583 674,3581 674,3476 648,3478 623,3479 598,3480 573,3482 548,3482 522,3484 497,3486 472,3486 447,3488 422,3488 397,3490 371,3491 346,3492 321,3493 296,3494 271,3494 246,3496"/>
<Baseline points="246,3566 271,3564 296,3564 321,3563 346,3562 371,3561 397,3560 422,3558 447,3558 472,3556 497,3556 522,3554 548,3552 573,3552 598,3550 623,3549 648,3548 674,3546"/>
<TextEquiv>
<Unicode>Maçons</Unicode>
</TextEquiv>
</TextLine>
<TextLine custom="readingOrder {index:7;}" id="r1l8">
<Coords points="264,3751 291,3748 319,3747 346,3746 374,3745 401,3743 429,3741 456,3741 484,3740 511,3739 539,3738 566,3737 594,3737 621,3736 649,3735 676,3733 704,3733 731,3730 759,3729 786,3728 814,3725 814,3620 786,3623 759,3624 731,3625 704,3628 676,3628 649,3630 621,3631 594,3632 566,3632 539,3633 511,3634 484,3635 456,3636 429,3636 401,3638 374,3640 346,3641 319,3642 291,3643 264,3646"/>
<Baseline points="264,3716 291,3713 319,3712 346,3711 374,3710 401,3708 429,3706 456,3706 484,3705 511,3704 539,3703 566,3702 594,3702 621,3701 649,3700 676,3698 704,3698 731,3695 759,3694 786,3693 814,3690"/>
<TextEquiv>
<Unicode>Menuisiers</Unicode>
</TextEquiv>
</TextLine>
<TextLine custom="readingOrder {index:8;}" id="r1l9">
<Coords points="266,3896 294,3894 322,3894 351,3892 379,3892 408,3890 436,3890 464,3888 493,3886 521,3884 550,3884 578,3882 606,3880 635,3879 663,3878 692,3877 720,3876 748,3876 777,3876 805,3876 834,3876 834,3773 805,3773 777,3773 748,3773 720,3773 692,3774 663,3775 635,3776 606,3777 578,3779 550,3781 521,3781 493,3783 464,3785 436,3787 408,3787 379,3789 351,3789 322,3791 294,3791 266,3793"/>
<Baseline points="266,3862 294,3860 322,3860 351,3858 379,3858 408,3856 436,3856 464,3854 493,3852 521,3850 550,3850 578,3848 606,3846 635,3845 663,3844 692,3843 720,3842 748,3842 777,3842 805,3842 834,3842"/>
<TextEquiv>
<Unicode>Charpentiers</Unicode>
</TextEquiv>
</TextLine>
<TextLine custom="readingOrder {index:9;}" id="r1l10">
<Coords points="318,4034 347,4034 376,4036 405,4036 434,4036 463,4035 492,4034 521,4034 550,4032 579,4031 609,4030 638,4028 667,4028 696,4026 725,4026 754,4024 783,4024 812,4024 841,4024 870,4025 900,4026 900,3923 870,3922 841,3921 812,3921 783,3921 754,3921 725,3923 696,3923 667,3925 638,3925 609,3927 579,3928 550,3929 521,3931 492,3931 463,3932 434,3933 405,3933 376,3933 347,3931 318,3931"/>
<Baseline points="318,4000 347,4000 376,4002 405,4002 434,4002 463,4001 492,4000 521,4000 550,3998 579,3997 609,3996 638,3994 667,3994 696,3992 725,3992 754,3990 783,3990 812,3990 841,3990 870,3991 900,3992"/>
<TextEquiv>
<Unicode>Ferblantiers</Unicode>
</TextEquiv>
</TextLine>
<TextLine custom="readingOrder {index:10;}" id="r1l11">
<Coords points="300,4186 325,4184 350,4183 376,4182 401,4181 427,4180 452,4179 477,4178 503,4178 528,4177 554,4176 579,4176 604,4176 630,4176 655,4176 681,4174 706,4174 731,4172 757,4172 782,4170 808,4170 808,4068 782,4068 757,4070 731,4070 706,4072 681,4072 655,4074 630,4074 604,4074 579,4074 554,4074 528,4075 503,4076 477,4076 452,4077 427,4078 401,4079 376,4080 350,4081 325,4082 300,4084"/>
<Baseline points="300,4152 325,4150 350,4149 376,4148 401,4147 427,4146 452,4145 477,4144 503,4144 528,4143 554,4142 579,4142 604,4142 630,4142 655,4142 681,4140 706,4140 731,4138 757,4138 782,4136 808,4136"/>
<TextEquiv>
<Unicode>Couvreurs</Unicode>
</TextEquiv>
</TextLine>
<TextLine custom="readingOrder {index:11;}" id="r1l12">
<Coords points="348,4320 383,4320 419,4321 454,4322 490,4322 525,4322 561,4322 596,4322 632,4320 667,4320 703,4320 738,4319 774,4318 809,4317 845,4316 880,4315 916,4314 951,4312 987,4312 1022,4310 1058,4308 1058,4206 1022,4208 987,4210 951,4210 916,4212 880,4213 845,4214 809,4215 774,4216 738,4217 703,4218 667,4218 632,4218 596,4220 561,4220 525,4220 490,4220 454,4220 419,4219 383,4218 348,4218"/>
<Baseline points="348,4286 383,4286 419,4287 454,4288 490,4288 525,4288 561,4288 596,4288 632,4286 667,4286 703,4286 738,4285 774,4284 809,4283 845,4282 880,4281 916,4280 951,4278 987,4278 1022,4276 1058,4274"/>
<TextEquiv>
<Unicode>Peintres platriers</Unicode>
</TextEquiv>
</TextLine>
<TextLine custom="readingOrder {index:12;}" id="r1l13">
<Coords points="286,4477 325,4477 364,4477 403,4477 442,4477 482,4475 521,4475 560,4474 599,4473 638,4473 678,4471 717,4471 756,4471 795,4469 834,4469 874,4469 913,4469 952,4469 991,4471 1030,4471 1070,4473 1070,4368 1030,4366 991,4366 952,4364 913,4364 874,4364 834,4364 795,4364 756,4366 717,4366 678,4366 638,4368 599,4368 560,4369 521,4370 482,4370 442,4372 403,4372 364,4372 325,4372 286,4372"/>
<Baseline points="286,4442 325,4442 364,4442 403,4442 442,4442 482,4440 521,4440 560,4439 599,4438 638,4438 678,4436 717,4436 756,4436 795,4434 834,4434 874,4434 913,4434 952,4434 991,4436 1030,4436 1070,4438"/>
<TextEquiv>
<Unicode>Tailleurs de pierre</Unicode>
</TextEquiv>
</TextLine>
<TextLine custom="readingOrder {index:13;}" id="r1l14">
<Coords points="270,4621 295,4623 321,4623 346,4623 372,4623 398,4623 423,4623 449,4623 474,4621 500,4621 526,4620 551,4619 577,4618 602,4617 628,4617 654,4616 679,4615 705,4614 730,4613 756,4613 782,4613 782,4508 756,4508 730,4508 705,4509 679,4510 654,4511 628,4512 602,4512 577,4513 551,4514 526,4515 500,4516 474,4516 449,4518 423,4518 398,4518 372,4518 346,4518 321,4518 295,4518 270,4516"/>
<Baseline points="270,4586 295,4588 321,4588 346,4588 372,4588 398,4588 423,4588 449,4588 474,4586 500,4586 526,4585 551,4584 577,4583 602,4582 628,4582 654,4581 679,4580 705,4579 730,4578 756,4578 782,4578"/>
<TextEquiv>
<Unicode>Serruriers</Unicode>
</TextEquiv>
</TextLine>
<TextLine custom="readingOrder {index:14;}" id="r1l15">
<Coords points="334,4913 360,4913 386,4913 413,4913 439,4913 466,4913 492,4913 518,4913 545,4913 571,4912 598,4911 624,4911 650,4910 677,4909 703,4909 730,4909 756,4908 782,4907 809,4907 835,4907 862,4907 862,4802 835,4802 809,4802 782,4802 756,4803 730,4804 703,4804 677,4804 650,4805 624,4806 598,4806 571,4807 545,4808 518,4808 492,4808 466,4808 439,4808 413,4808 386,4808 360,4808 334,4808"/>
<Baseline points="334,4878 360,4878 386,4878 413,4878 439,4878 466,4878 492,4878 518,4878 545,4878 571,4877 598,4876 624,4876 650,4875 677,4874 703,4874 730,4874 756,4873 782,4872 809,4872 835,4872 862,4872"/>
<TextEquiv>
<Unicode>Chapeliers</Unicode>
</TextEquiv>
</TextLine>
<TextLine custom="readingOrder {index:15;}" id="r1l16">
<Coords points="296,5223 334,5227 373,5231 411,5232 450,5235 489,5237 527,5237 566,5239 604,5240 643,5241 682,5241 720,5241 759,5239 797,5239 836,5237 875,5236 913,5234 952,5233 990,5230 1029,5229 1068,5225 1068,5120 1029,5124 990,5125 952,5128 913,5129 875,5131 836,5132 797,5134 759,5134 720,5136 682,5136 643,5136 604,5135 566,5134 527,5132 489,5132 450,5130 411,5127 373,5126 334,5122 296,5118"/>
<Baseline points="296,5188 334,5192 373,5196 411,5197 450,5200 489,5202 527,5202 566,5204 604,5205 643,5206 682,5206 720,5206 759,5204 797,5204 836,5202 875,5201 913,5199 952,5198 990,5195 1029,5194 1068,5190"/>
<TextEquiv>
<Unicode>Tailleurs d'habits</Unicode>
</TextEquiv>
</TextLine>
<TextEquiv>
<Unicode>Peigniers p° la fabrique
Ateliers de la Buire
Ateliers du Gd Central
Ateliers d'Oullins
Machines à vapeur
Ornements en bronze
Maçons
Menuisiers
Charpentiers
Ferblantiers
Couvreurs
Peintres platriers
Tailleurs de pierre
Serruriers
Chapeliers
Tailleurs d'habits</Unicode>
</TextEquiv>
</TextRegion>
<TextRegion custom="readingOrder {index:2;}" id="r5" orientation="0.0">
<Coords points="1775,765 1775,5053 3565,5053 3565,765"/>
<TextLine custom="readingOrder {index:0;}" id="r5l1">
<Coords points="1912,1084 1988,1082 2064,1078 2140,1074 2217,1070 2293,1065 2369,1059 2446,1053 2522,1047 2598,1039 2675,1034 2751,1027 2827,1022 2903,1018 2980,1012 3056,1009 3132,1006 3209,1004 3285,1004 3361,1005 3438,1008 3438,911 3361,908 3285,907 3209,907 3132,909 3056,912 2980,915 2903,921 2827,925 2751,930 2675,937 2598,942 2522,950 2446,956 2369,962 2293,968 2217,973 2140,977 2064,981 1988,985 1912,987"/>
<Baseline points="1912,1052 1988,1050 2064,1046 2140,1042 2217,1038 2293,1033 2369,1027 2446,1021 2522,1015 2598,1007 2675,1002 2751,995 2827,990 2903,986 2980,980 3056,977 3132,974 3209,972 3285,972 3361,973 3438,976"/>
<TextEquiv>
<Unicode>Depuis le dernier trimestre le travail s'est maintenu dans d'assez</Unicode>
</TextEquiv>
</TextLine>
<TextLine custom="readingOrder {index:1;}" id="r5l2">
<Coords points="1824,1232 1900,1228 1977,1222 2054,1218 2131,1212 2208,1208 2285,1202 2362,1195 2439,1190 2516,1183 2593,1178 2669,1173 2746,1167 2823,1162 2900,1156 2977,1152 3054,1148 3131,1144 3208,1142 3285,1138 3362,1136 3362,1040 3285,1042 3208,1046 3131,1048 3054,1052 2977,1056 2900,1060 2823,1066 2746,1071 2669,1077 2593,1082 2516,1087 2439,1094 2362,1099 2285,1106 2208,1112 2131,1116 2054,1122 1977,1126 1900,1132 1824,1136"/>
<Baseline points="1824,1200 1900,1196 1977,1190 2054,1186 2131,1180 2208,1176 2285,1170 2362,1163 2439,1158 2516,1151 2593,1146 2669,1141 2746,1135 2823,1130 2900,1124 2977,1120 3054,1116 3131,1112 3208,1110 3285,1106 3362,1104"/>
<TextEquiv>
<Unicode>bonnes conditions. Tous les ouvriers de cette partie sont occupés mais les</Unicode>
</TextEquiv>
</TextLine>
<TextLine custom="readingOrder {index:2;}" id="r5l3">
<Coords points="1838,1360 1873,1360 1909,1360 1945,1358 1981,1356 2017,1355 2052,1352 2088,1349 2124,1346 2160,1344 2196,1341 2231,1338 2267,1335 2303,1332 2339,1330 2375,1327 2410,1326 2446,1322 2482,1321 2518,1320 2554,1318 2554,1222 2518,1224 2482,1225 2446,1226 2410,1230 2375,1231 2339,1234 2303,1236 2267,1239 2231,1242 2196,1245 2160,1248 2124,1250 2088,1253 2052,1256 2017,1259 1981,1260 1945,1262 1909,1264 1873,1264 1838,1264"/>
<Baseline points="1838,1328 1873,1328 1909,1328 1945,1326 1981,1324 2017,1323 2052,1320 2088,1317 2124,1314 2160,1312 2196,1309 2231,1306 2267,1303 2303,1300 2339,1298 2375,1295 2410,1294 2446,1290 2482,1289 2518,1288 2554,1286"/>
<TextEquiv>
<Unicode>commissions arrivent lentement. </Unicode>
</TextEquiv>
</TextLine>
<TextLine custom="readingOrder {index:3;}" id="r5l4">
<Coords points="1936,1630 2012,1626 2089,1622 2166,1618 2242,1614 2319,1610 2396,1606 2472,1600 2549,1596 2626,1592 2703,1587 2779,1583 2856,1577 2933,1573 3009,1569 3086,1564 3163,1558 3239,1555 3316,1550 3393,1545 3470,1540 3470,1437 3393,1442 3316,1447 3239,1452 3163,1455 3086,1461 3009,1466 2933,1470 2856,1474 2779,1480 2703,1484 2626,1489 2549,1493 2472,1497 2396,1503 2319,1507 2242,1511 2166,1515 2089,1519 2012,1523 1936,1527"/>
<Baseline points="1936,1596 2012,1592 2089,1588 2166,1584 2242,1580 2319,1576 2396,1572 2472,1566 2549,1562 2626,1558 2703,1553 2779,1549 2856,1543 2933,1539 3009,1535 3086,1530 3163,1524 3239,1521 3316,1516 3393,1511 3470,1506"/>
<TextEquiv>
<Unicode>Depuis le 15 juin dernier les commandes manquent dans cette usine</Unicode>
</TextEquiv>
</TextLine>
<TextLine custom="readingOrder {index:4;} textStyle {offset:67; length:3;fontSize:0.0; kerning:0; superscript:true;}" id="r5l5">
<Coords points="1826,1788 1909,1783 1992,1778 2075,1771 2158,1766 2241,1761 2324,1754 2407,1750 2490,1744 2573,1738 2656,1733 2739,1728 2822,1723 2905,1718 2988,1712 3071,1707 3154,1699 3237,1694 3320,1690 3403,1683 3486,1678 3486,1575 3403,1580 3320,1587 3237,1591 3154,1596 3071,1604 2988,1609 2905,1615 2822,1620 2739,1625 2656,1630 2573,1635 2490,1641 2407,1647 2324,1651 2241,1658 2158,1663 2075,1668 1992,1675 1909,1680 1826,1685"/>
<Baseline points="1826,1754 1909,1749 1992,1744 2075,1737 2158,1732 2241,1727 2324,1720 2407,1716 2490,1710 2573,1704 2656,1699 2739,1694 2822,1689 2905,1684 2988,1678 3071,1673 3154,1665 3237,1660 3320,1656 3403,1649 3486,1644"/>
<TextEquiv>
<Unicode>et le nombre d'ouvriers occupés a toujourd été en diminuant au 15 7bre il y avait </Unicode>
</TextEquiv>
</TextLine>
<TextLine custom="readingOrder {index:5;}" id="r5l6">
<Coords points="1846,1927 1901,1925 1956,1922 2012,1918 2067,1914 2123,1912 2178,1908 2233,1904 2289,1900 2344,1895 2400,1893 2455,1889 2510,1885 2566,1881 2621,1877 2677,1874 2732,1870 2787,1866 2843,1861 2898,1859 2954,1855 2954,1749 2898,1753 2843,1755 2787,1760 2732,1764 2677,1768 2621,1771 2566,1775 2510,1779 2455,1783 2400,1787 2344,1789 2289,1794 2233,1798 2178,1802 2123,1806 2067,1808 2012,1812 1956,1816 1901,1819 1846,1821"/>
<Baseline points="1846,1892 1901,1890 1956,1887 2012,1883 2067,1879 2123,1877 2178,1873 2233,1869 2289,1865 2344,1860 2400,1858 2455,1854 2510,1850 2566,1846 2621,1842 2677,1839 2732,1835 2787,1831 2843,1826 2898,1824 2954,1820"/>
<TextEquiv>
<Unicode>250 ouvriers ils ne sont plus aujourd'hui que 120. </Unicode>
</TextEquiv>
</TextLine>
<TextLine custom="readingOrder {index:6;}" id="r5l7">
<Coords points="1952,2205 2023,2202 2095,2197 2166,2193 2238,2187 2309,2183 2381,2179 2452,2173 2524,2169 2595,2165 2667,2159 2738,2156 2810,2152 2881,2146 2953,2143 3024,2138 3096,2134 3167,2130 3239,2125 3310,2122 3382,2117 3382,2011 3310,2016 3239,2019 3167,2024 3096,2028 3024,2032 2953,2037 2881,2040 2810,2046 2738,2050 2667,2053 2595,2059 2524,2063 2452,2067 2381,2073 2309,2077 2238,2081 2166,2087 2095,2091 2023,2096 1952,2099"/>
<Baseline points="1952,2170 2023,2167 2095,2162 2166,2158 2238,2152 2309,2148 2381,2144 2452,2138 2524,2134 2595,2130 2667,2124 2738,2121 2810,2117 2881,2111 2953,2108 3024,2103 3096,2099 3167,2095 3239,2090 3310,2087 3382,2082"/>
<TextEquiv>
<Unicode>Pas de variation depuis le dernier trimestre. Il y a 200 ouvriers. </Unicode>
</TextEquiv>
</TextLine>
<TextLine custom="readingOrder {index:7;}" id="r5l8">
<Coords points="1940,2495 2009,2488 2079,2482 2148,2477 2218,2471 2287,2466 2357,2461 2426,2457 2496,2452 2565,2447 2635,2443 2704,2439 2774,2435 2843,2430 2913,2427 2982,2424 3052,2421 3121,2417 3191,2414 3260,2410 3330,2407 3330,2301 3260,2304 3191,2308 3121,2311 3052,2315 2982,2318 2913,2321 2843,2324 2774,2329 2704,2333 2635,2337 2565,2341 2496,2346 2426,2351 2357,2355 2287,2360 2218,2365 2148,2371 2079,2376 2009,2382 1940,2389"/>
<Baseline points="1940,2460 2009,2453 2079,2447 2148,2442 2218,2436 2287,2431 2357,2426 2426,2422 2496,2417 2565,2412 2635,2408 2704,2404 2774,2400 2843,2395 2913,2392 2982,2389 3052,2386 3121,2382 3191,2379 3260,2375 3330,2372"/>
<TextEquiv>
<Unicode>Le travail se maintient dans cette usine. Il y a 1617 ouvriers.</Unicode>
</TextEquiv>
</TextLine>
<TextLine custom="readingOrder {index:8;}" id="r5l9">
<Coords points="1950,2781 2022,2781 2094,2779 2166,2777 2238,2773 2311,2770 2383,2768 2455,2763 2527,2758 2599,2754 2672,2749 2744,2744 2816,2739 2888,2733 2960,2728 3033,2723 3105,2717 3177,2713 3249,2709 3321,2705 3394,2701 3394,2595 3321,2599 3249,2603 3177,2607 3105,2611 3033,2617 2960,2622 2888,2627 2816,2633 2744,2638 2672,2643 2599,2648 2527,2652 2455,2657 2383,2662 2311,2664 2238,2667 2166,2671 2094,2673 2022,2675 1950,2675"/>
<Baseline points="1950,2746 2022,2746 2094,2744 2166,2742 2238,2738 2311,2735 2383,2733 2455,2728 2527,2723 2599,2719 2672,2714 2744,2709 2816,2704 2888,2698 2960,2693 3033,2688 3105,2682 3177,2678 3249,2674 3321,2670 3394,2666"/>
<TextEquiv>
<Unicode>Il n'y a pas de variation sensible depuis mon dernier rapport. </Unicode>
</TextEquiv>
</TextLine>
<TextLine custom="readingOrder {index:9;}" id="r5l10">
<Coords points="1998,3091 2078,3087 2158,3082 2239,3078 2319,3072 2400,3067 2480,3062 2560,3057 2641,3050 2721,3046 2802,3040 2882,3035 2962,3029 3043,3024 3123,3017 3204,3013 3284,3008 3364,3002 3445,2998 3525,2994 3606,2989 3606,2883 3525,2888 3445,2892 3364,2896 3284,2902 3204,2907 3123,2911 3043,2918 2962,2923 2882,2929 2802,2934 2721,2940 2641,2944 2560,2951 2480,2956 2400,2961 2319,2966 2239,2972 2158,2976 2078,2981 1998,2985"/>
<Baseline points="1998,3056 2078,3052 2158,3047 2239,3043 2319,3037 2400,3032 2480,3027 2560,3022 2641,3015 2721,3011 2802,3005 2882,3000 2962,2994 3043,2989 3123,2982 3204,2978 3284,2973 3364,2967 3445,2963 3525,2959 3606,2954"/>
<TextEquiv>
<Unicode>Les ouvriers de cette partie ont plus de commandes qu'ils ne peuvent en </Unicode>
</TextEquiv>
</TextLine>
<TextLine custom="readingOrder {index:10;}" id="r5l11">
<Coords points="1890,3249 1917,3246 1944,3245 1971,3247 1998,3245 1998,3139 1971,3141 1944,3139 1917,3140 1890,3143"/>
<Baseline points="1890,3214 1917,3211 1944,3210 1971,3212 1998,3210"/>
<TextEquiv>
<Unicode>faire. </Unicode>
</TextEquiv>
</TextLine>
<TextLine custom="readingOrder {index:11;}" id="r5l12">
<Coords points="2052,3699 2126,3692 2200,3686 2275,3680 2349,3676 2424,3670 2498,3666 2572,3660 2647,3656 2721,3652 2796,3647 2870,3643 2944,3639 3019,3634 3093,3629 3168,3624 3242,3618 3316,3613 3391,3607 3465,3603 3540,3595 3540,3489 3465,3497 3391,3501 3316,3507 3242,3512 3168,3518 3093,3523 3019,3528 2944,3533 2870,3537 2796,3541 2721,3546 2647,3550 2572,3554 2498,3560 2424,3564 2349,3570 2275,3574 2200,3580 2126,3586 2052,3593"/>
<Baseline points="2052,3664 2126,3657 2200,3651 2275,3645 2349,3641 2424,3635 2498,3631 2572,3625 2647,3621 2721,3617 2796,3612 2870,3608 2944,3604 3019,3599 3093,3594 3168,3589 3242,3583 3316,3578 3391,3572 3465,3568 3540,3560"/>
<TextEquiv>
<Unicode>Tous les ouvriers de ces diverses professions sont occupés. </Unicode>
</TextEquiv>
</TextLine>
<TextLine custom="readingOrder {index:12;}" id="r5l13">
<Coords points="1928,3853 2010,3849 2093,3844 2176,3839 2258,3834 2341,3830 2424,3825 2506,3821 2589,3815 2672,3811 2755,3805 2837,3800 2920,3794 3003,3789 3085,3783 3168,3778 3251,3772 3333,3765 3416,3757 3499,3751 3582,3743 3582,3637 3499,3645 3416,3651 3333,3659 3251,3666 3168,3672 3085,3677 3003,3683 2920,3688 2837,3694 2755,3699 2672,3705 2589,3709 2506,3715 2424,3719 2341,3724 2258,3728 2176,3733 2093,3738 2010,3743 1928,3747"/>
<Baseline points="1928,3818 2010,3814 2093,3809 2176,3804 2258,3799 2341,3795 2424,3790 2506,3786 2589,3780 2672,3776 2755,3770 2837,3765 2920,3759 3003,3754 3085,3748 3168,3743 3251,3737 3333,3730 3416,3722 3499,3716 3582,3708"/>
<TextEquiv>
<Unicode>Le prix de la journée de travail a été diminué en raison</Unicode>
</TextEquiv>
</TextLine>
<TextLine custom="readingOrder {index:13;}" id="r5l14">
<Coords points="1936,4001 2019,3996 2103,3991 2187,3987 2271,3983 2355,3978 2439,3973 2523,3968 2607,3965 2691,3960 2775,3956 2858,3951 2942,3946 3026,3941 3110,3936 3194,3930 3278,3925 3362,3919 3446,3910 3530,3904 3614,3895 3614,3789 3530,3798 3446,3804 3362,3813 3278,3819 3194,3824 3110,3830 3026,3835 2942,3840 2858,3845 2775,3850 2691,3854 2607,3859 2523,3862 2439,3867 2355,3872 2271,3877 2187,3881 2103,3885 2019,3890 1936,3895"/>
<Baseline points="1936,3966 2019,3961 2103,3956 2187,3952 2271,3948 2355,3943 2439,3938 2523,3933 2607,3930 2691,3925 2775,3921 2858,3916 2942,3911 3026,3906 3110,3901 3194,3895 3278,3890 3362,3884 3446,3875 3530,3869 3614,3860"/>
<TextEquiv>
<Unicode>de la diminution des heures pour les ouvriers ci-après : </Unicode>
</TextEquiv>
</TextLine>
<TextLine custom="readingOrder {index:14;}" id="r5l15">
<Coords points="1968,4151 2049,4147 2131,4144 2212,4141 2294,4137 2375,4133 2457,4128 2538,4124 2620,4119 2701,4114 2783,4108 2864,4103 2946,4099 3027,4093 3109,4087 3190,4081 3272,4077 3353,4070 3435,4065 3516,4059 3598,4053 3598,3947 3516,3953 3435,3959 3353,3964 3272,3971 3190,3975 3109,3981 3027,3987 2946,3993 2864,3997 2783,4002 2701,4008 2620,4013 2538,4018 2457,4022 2375,4027 2294,4031 2212,4035 2131,4038 2049,4041 1968,4045"/>
<Baseline points="1968,4116 2049,4112 2131,4109 2212,4106 2294,4102 2375,4098 2457,4093 2538,4089 2620,4084 2701,4079 2783,4073 2864,4068 2946,4064 3027,4058 3109,4052 3190,4046 3272,4042 3353,4035 3435,4030 3516,4024 3598,4018"/>
<TextEquiv>
<Unicode>Maçons, charpentiers, couvreurs et peintres la</Unicode>
</TextEquiv>
</TextLine>
<TextLine custom="readingOrder {index:15;} textStyle {offset:20; length:1;fontSize:0.0; kerning:0; superscript:true;} textStyle {offset:44; length:1;fontSize:0.0; kerning:0; superscript:true;}" id="r5l16">
<Coords points="1946,4311 2026,4305 2106,4300 2186,4295 2266,4291 2346,4286 2426,4281 2506,4277 2586,4273 2666,4269 2746,4265 2826,4261 2906,4255 2986,4249 3066,4244 3146,4239 3226,4234 3306,4227 3386,4220 3466,4212 3546,4205 3546,4099 3466,4106 3386,4114 3306,4121 3226,4128 3146,4133 3066,4138 2986,4143 2906,4149 2826,4155 2746,4159 2666,4163 2586,4167 2506,4171 2426,4175 2346,4180 2266,4185 2186,4189 2106,4194 2026,4199 1946,4205"/>
<Baseline points="1946,4276 2026,4270 2106,4265 2186,4260 2266,4256 2346,4251 2426,4246 2506,4242 2586,4238 2666,4234 2746,4230 2826,4226 2906,4220 2986,4214 3066,4209 3146,4204 3226,4199 3306,4192 3386,4185 3466,4177 3546,4170"/>
<TextEquiv>
<Unicode>diminution est de 50c pour certains et de 75c</Unicode>
</TextEquiv>
</TextLine>
<TextLine custom="readingOrder {index:16;}" id="r5l17">
<Coords points="1960,4471 1985,4468 2010,4464 2036,4460 2061,4457 2086,4454 2112,4451 2137,4450 2162,4448 2188,4446 2213,4445 2239,4444 2264,4443 2289,4441 2315,4440 2340,4439 2365,4438 2391,4436 2416,4435 2442,4433 2442,4327 2416,4329 2391,4330 2365,4332 2340,4333 2315,4334 2289,4335 2264,4337 2239,4338 2213,4339 2188,4340 2162,4342 2137,4344 2112,4345 2086,4348 2061,4351 2036,4354 2010,4358 1985,4362 1960,4365"/>
<Baseline points="1960,4436 1985,4433 2010,4429 2036,4425 2061,4422 2086,4419 2112,4416 2137,4415 2162,4413 2188,4411 2213,4410 2239,4409 2264,4408 2289,4406 2315,4405 2340,4404 2365,4403 2391,4401 2416,4400 2442,4398"/>
<TextEquiv>
<Unicode>pour d'autres. </Unicode>
</TextEquiv>
</TextLine>
<TextLine custom="readingOrder {index:17;}" id="r5l18">
<Coords points="2086,4895 2147,4893 2208,4892 2269,4890 2330,4888 2392,4885 2453,4883 2514,4880 2575,4876 2636,4873 2698,4871 2759,4868 2820,4863 2881,4861 2942,4858 3004,4856 3065,4852 3126,4849 3187,4847 3248,4843 3310,4841 3310,4735 3248,4737 3187,4741 3126,4743 3065,4746 3004,4750 2942,4752 2881,4755 2820,4757 2759,4762 2698,4765 2636,4767 2575,4770 2514,4774 2453,4777 2392,4779 2330,4782 2269,4784 2208,4786 2147,4787 2086,4789"/>
<Baseline points="2086,4860 2147,4858 2208,4857 2269,4855 2330,4853 2392,4850 2453,4848 2514,4845 2575,4841 2636,4838 2698,4836 2759,4833 2820,4828 2881,4826 2942,4823 3004,4821 3065,4817 3126,4814 3187,4812 3248,4808 3310,4806"/>
<TextEquiv>
<Unicode>Les ouvriers de cette partie sont tous occupés</Unicode>
</TextEquiv>
</TextLine>
<TextLine custom="readingOrder {index:18;}" id="r5l19">
<Coords points="2050,5195 2090,5193 2130,5191 2170,5189 2210,5187 2251,5187 2291,5185 2331,5183 2371,5182 2411,5181 2452,5179 2492,5178 2532,5175 2572,5172 2612,5170 2653,5168 2693,5165 2733,5161 2773,5157 2813,5152 2854,5147 2854,5041 2813,5046 2773,5051 2733,5055 2693,5059 2653,5062 2612,5064 2572,5066 2532,5069 2492,5072 2452,5073 2411,5075 2371,5076 2331,5077 2291,5079 2251,5081 2210,5081 2170,5083 2130,5085 2090,5087 2050,5089"/>
<Baseline points="2050,5160 2090,5158 2130,5156 2170,5154 2210,5152 2251,5152 2291,5150 2331,5148 2371,5147 2411,5146 2452,5144 2492,5143 2532,5140 2572,5137 2612,5135 2653,5133 2693,5130 2733,5126 2773,5122 2813,5117 2854,5112"/>
<TextEquiv>
<Unicode>N'ont pas un travail suivi</Unicode>
</TextEquiv>
</TextLine>
<TextLine custom="readingOrder {index:19;}" id="line_1522246906206_31">
<Coords points="1180,5084 1829,5084 1829,5261 1180,5261"/>
<TextEquiv>
<Unicode>2.50 à 3.50</Unicode>
</TextEquiv>
</TextLine>
<TextEquiv>
<Unicode>Depuis le dernier trimestre le travail s'est maintenu dans d'assez
bonnes conditions. Tous les ouvriers de cette partie sont occupés mais les
commissions arrivent lentement. 
Depuis le 15 juin dernier les commandes manquent dans cette usine
et le nombre d'ouvriers occupés a toujourd été en diminuant au 15 7bre il y avait 
250 ouvriers ils ne sont plus aujourd'hui que 120. 
Pas de variation depuis le dernier trimestre. Il y a 200 ouvriers. 
Le travail se maintient dans cette usine. Il y a 1617 ouvriers.
Il n'y a pas de variation sensible depuis mon dernier rapport. 
Les ouvriers de cette partie ont plus de commandes qu'ils ne peuvent en 
faire. 
Tous les ouvriers de ces diverses professions sont occupés. 
Le prix de la journée de travail a été diminué en raison
de la diminution des heures pour les ouvriers ci-après : 
Maçons, charpentiers, couvreurs et peintres la
diminution est de 50c pour certains et de 75c
pour d'autres. 
Les ouvriers de cette partie sont tous occupés
N'ont pas un travail suivi
2.50 à 3.50</Unicode>
</TextEquiv>
</TextRegion>
</Page>
</PcGts>