4000 6000
1956 1215 3366 1351 Ceux qui travaillent pour les magasins de consution n'ont plus
1838 1345 3300 1487 de travail. Les ouvriers qui travaillent à la commande ont de
304 1446 1614 1610 Cordonniers 2.23 à 3
1830 1484 2902 1624 l'ouvrage et gagnent d'assez bonnes journées.
526 1756 3372 1996 Depuis le dernier trimestre la fabrique s'est maintenue dans de très bonnes conditions. Toutes les industries qui s'y
384 1902 2702 2144 attachent ont profité de cet état de choses qui, à ce que l'on croit, continuera encore quelques temps.
1306 2318 2494 2470 Condition des soies
1966 2560 3192 2714 Du 15 septembre au 15 décembre 1860
558 2638 1520 2796 Du 15 septembre au 15 décembre 1859
1978 2850 3108 2990 Balles entrées et sorties 10 892
1272 2926 1478 3040 9241
470 2940 1100 3052 Balles entrées et sorties
1250 3095 1498 3184 1651
296 3070 1118 3194 Différence en plus pour l'année 1860
2778 3134 3130 3211 10 892
1218 3201 1522 3296 10 892
1748 3446 2678 3600 Lyon, le 15 décembre 1860
1874 3636 2910 3772 Le Commissaire Spécial
