4000 6000
1071 461 3318 677 Situation industrielle au 15 juin 1860
2198 866 3678 953 Cet article qui comprend les satins, taffetas en gros de
2087 977 3211 1057 Naples a repris depuis un mois environ.
2233 1047 3713 1106 L'armure parait avoir cette année une plus grande vogue.
2103 1097 3677 1149 Elle rentre aussi dans la même partie et les ouvriers ont généralement
2102 1207 3631 1270 abandonné les autres articles pour confectionner ce dernier qui n'a
2094 1252 3391 1371 érigé que quelques légères modifications dans les métiers.
2253 1424 3719 1504 Le travail a également repris depuis un mois et quelques
2096 1573 3673 1643 métiers choment faute d'ouvriers. Il est vrai de dire que le
2117 1653 2914 1723 nombre n'en est pas grand.
2246 1758 3677 1859 Cette partie qui peu à peu fut transportée à la
2114 1883 3733 1925 campagne est presque perdue à Lyon. Il n'y a plus que
2121 1981 3283 2057 peu de métiers qui sont tous occupés.
2278 2107 3607 2209 Cette partie qui se maintient encore à Lyon est
2134 2255 3728 2294 aujourd'hui dans de bonnes conditions. Quelques ouvriers rares il
2142 2352 3094 2415 est vrai gagnent de très fortes journées.
2297 2453 3634 2593 Se remet de l'impulsion donnée à la fabrique
2317 2632 3249 2780 Se trouve dans les mêmes conditions
2317 2850 3374 2943 A repris ainsi que les autres parties
2328 3005 3160 3130 Sont presque tous occupés.
2325 3182 3767 3319 Il y a peu d'ateliers à Lyon. Le nombre d'ouvriers a
2197 3307 3697 3404 toujours été à peu près le même pendt le chômage et le
2189 3408 3561 3532 travail a repris bien avant celui de la fabrique.
2337 3602 3549 3680 Peu de variations depuis fort longtemps.
2341 3750 2881 3913 Marche bien
2363 3928 3762 4006 Depuis deux ans environ cette partie a beaucoup
2223 4068 3805 4095 perdu. Plusieurs métiers ont été changés pour faire l'ornement
2219 4181 3572 4239 en fauve pourtant ceux qui restent sont occupés.
2398 4317 3758 4371 La teinturerie a repris depuis 5 semaines. Les
2231 4433 3801 4476 ouvriers font la semaine en entier. Les ateliers ne sont
2246 4542 3821 4593 pas encore au grand complet. Quelques ouvriers, les mauvais,
2246 4624 2876 4744 sont encore inoccupés.
2382 4748 3856 4837 Cette partie est dans de bonnes conditions. il y
2254 4896 3778 4977 a des ouvriers qui gagnent jusqu'à 150f par mois.
2262 4989 3171 5071 Ils sont un peu rares il est vrai.
2433 5121 3463 5234 Occupent 1800 à 2000 ouvriers.
1180 1137 2041 1254 2.00 à 2.50
1222 1557 2041 1701 2.50 à 3.00
1187 1922 2062 2046 1.75 à 2.00
1166 2204 2082 2383 2.50 à 3.00
1228 2541 2075 2652 1.50 à 2.00
1222 2707 2068 2810 1.25 à 1.50
1235 2913 2124 3003 200 à 350
1256 3058 2151 3202 2.50 à 3.50
1235 3195 2172 3313 125 à 150 mois
1277 3340 2068 3485 3 à 5
1283 3574 2130 3781 2.50 à 5.00
1270 3801 2117 3898 3.00 à 4.00
1273 4019 2136 4167 3.50 à 4.00
1296 4420 2163 4583 3.50 à 4.00
1290 4845 2130 4981 3.50 à 4.00
1314 5106 2149 5249 3.00 à 5.50
298 1199 802 1340 Etoffes unies
366 1643 920 1780 Etoffes façonnées
254 1971 850 2106 Velours unis
356 2301 918 2450 Velours façonnés
250 2591 876 2718 Dévidage
290 2761 886 2896 Moulinage
288 2927 794 3062 Ourdissage
306 3121 672 3220 Lisseuses
294 3229 874 3324 Appreteur sur étoffes
276 3379 852 3518 Peigniers
314 3629 810 3762 Tullistes
318 3821 774 3944 Chales
330 4067 1106 4190 Ornements d'église
300 4463 964 4586 Teinturerie
334 4879 1126 5004 Imprimeurs sur étoffes
332 5125 1068 5246 Ateliers d'Oullins
