4000 6000
3408 474 3492 554 2
792 770 3302 960 Situation industrielle au 15 juin 1859
2014 1263 3566 1358 N'ont pas en des baines depuis le commencement de la Maison
1456 1278 1836 1366 3.50 à 4.00
400 1317 1220 1395 Etoffes unies de 2 à 3f
634 1395 1050 1455 Moyenne 2f50
2014 1586 3596 1680 Se sont également maintenues. il y a des ouvriers qui gagnent
1446 1600 1826 1698 4.50 à 5.00
400 1630 1176 1713 Etoffes façonnées 4f
460 1730 1194 1798 mais à cause de non travail
1998 1756 2680 1840 jusqu'à 6f par journée
432 1811 1244 1871 par journée ne vaut pas plus
432 1873 700 1933 de 2f
2022 2070 3606 2170 Il existe très peu de métiers à Lyon. La fabrication des velours
1442 2108 1836 2192 1.75 à 2.00
362 2122 1318 2202 Velours unis même chose
2010 2238 3630 2334 unis tend tous les jours à les transporter dans les campagnes. C'est
2002 2406 3664 2500 la partie la moins payée les ouvriers étant obligés de partager
2010 2572 3660 2666 avec les patrons qui ce réduit leur journée au chiffre indiqué.
2022 2914 3542 3006 Cette partie marche bien. Quelques ouvriers gagnent
1458 2934 1814 3018 4 à 5.00
330 2939 1366 3031 Velours façonnés 3.50 à 4f
414 3051 1334 3130 Exception 20 ou 100 gagnent
2014 3102 2720 3194 jusqu'à 10f par jour
412 3141 580 3210 6f.
1434 3444 1850 3530 1.50 à 2.00
2012 3446 3648 3532 Marche aussi bien que les tissages. Les devideuses qui ont
384 3442 1342 3546 Devidage 1.25 le prix
404 3539 1324 3642 est le même mais la soie étant
404 3607 1306 3714 moins ciré elle ne peut gagner
2016 3626 3280 3722 un métier chez elles peuvent gagner jusqu'à 3.50
386 3682 736 3765 d'avantage.
362 3967 1558 4063 Ourdissage 2.00f
2020 3964 3596 4058 Dans cette partie qui n'a pas chômé plus que les autres
552 4065 1566 4161 et le reste a 2.50 en ce moment
1982 4140 3536 4236 les ouvrières sont à l'année depuis 200 jusqu'à 350f.
348 4478 1334 4597 Moulinage 1.25
2008 4490 3658 4574 n'a pas chômé, les ouvrières sont logées en partie chez le patron
1468 4486 1834 4578 1.25 à 1.50
512 4574 884 4641 en général
418 4796 1228 4880 Apprêteur d'étoffes
1454 4828 1802 4888 1.25 à 1.50
2028 4822 3528 4910 Le travail ne s'est pas ralenti depuis longtemps. Les
1486 4904 1756 4976 (par mois)
440 4915 1264 5003 cela ne change pas
2028 4990 2744 5084 ouvriers sont au mois.
404 4994 1378 5102 le chômage qui réduit le prix
396 5084 708 5161 du mois.
