4000 6000
644 1294 1490 1462 Préfecture du Rhône
634 1598 1470 1780 Commissariat Spécial
678 1948 1342 2120 Police politique
804 2650 1320 2814 Étoffes unies
898 3394 1436 3554 Étoffes façonnées
842 4062 1346 4218 Velours unis
928 4656 1430 4814 Velours façonnés
834 5126 1278 5292 Dévidage
1828 1680 3326 1817 Situation industrielle
2074 1890 3180 2037 au 15 septembre 1860
2456 2386 3414 2491 Depuis le commencement de la
2398 2502 3426 2613 saison cette partie a été généralement
2410 2610 3482 2725 abandonnée pour l'article dit armures, mais
2416 2715 3514 2850 les ouvriers qui l'ont conservée ont un travail
2414 2859 3302 2966 régulier. Les prix sont les mêmes.
2590 3087 3466 3200 Cette partie s'est bien maintenue
2438 3203 3466 3334 depuis le commencement de la saison. Le
2448 3322 3494 3457 prix de façon à même été augmenté pour
2448 3444 3514 3577 certains articles, seulement à la livraison de
2434 3573 3550 3708 la pièce les ouvriers sont obligés de chômer quelques
2448 3690 3434 3824 jours en attendant la remise d'une autre.
2592 3923 3572 4060 Il n'y a pas de variations depuis le dernier
2464 4051 3560 4182 trismestre, les métiers sont peux nombreux mais
2454 4160 3530 4295 ils sont tous occupés. Les pris sont les mêmes.
2622 4415 3540 4538 Cette partie qui ne peut être transportée
2458 4528 3564 4666 à la campagne comme les velours unis est dans de
2472 4644 3552 4784 très bonnes conditions jusqu'à ce jour. Il y a
2488 4762 3576 4901 des ouvriers qui gagnent jusqu'à 6 et 7f par
2496 4950 3348 5063 jour.
2620 5154 3546 5261 Le travail n'a pas manqué depuis le
2470 5292 3218 5389 commencement de la saison.
1577 2558 2108 2842 2 à 2.50
1614 3354 2090 3620 2.50 à 3
1614 4059 2090 4316 1.75 à 2
1623 4645 2081 4837 2.50 à 3
1632 5176 2108 5387 1.25 à 1.50
