4000 6000
864 569 3402 763 La fabrique depuis 3 mois s'est maintenue dans d'assez bonnes conditions. A part
570 699 3410 905 quelques lenteurs apportés par les fabricants dans la remise des nouvelles pièces aux ouvriers le travail
558 834 3390 1039 a été à peu près régulier. L'arrivée de nouvelles soies du façon fait espérer que le travail maintiendra
570 974 3512 1171 encore pendant quelques temps et a qui le prouver c'est la grande quantité de soies qu'il y a encore
564 1198 1352 1305 chez les teinturiers et les mouliniers.
1828 1225 3490 1406 Les commandes manquantes en ce moment
1716 1359 3580 1526 qui n'occupent plus un aussi grand nombre d'ouvriers
618 1456 1510 1571 Buires 3 à 5.50
1696 1566 2240 1693 15 juin
1846 1798 3546 1936 Il n'y a pas eu de narration depuis
1698 1922 3520 2084 que les ouvriers occupés entre 190 à 200
622 1964 1456 2095 G° central 3 à 550
1880 2086 3586 2295 Le nombres des ouvriers occupés toujours un peu près les
1712 2240 3522 2447 mêmes. Il y a eu dans la Deauière quinzaine d'ouvrièrs aux
1712 2380 3286 2587 chomâge de 10 jours par l'inventaire.
1892 2558 3186 2739 Le travail à demi depuis un mois
1918 2672 3522 2877 chez  chevalier le autre des ouvriers de 60 à 100
1960 2856 3030 3011 M Cornue de 70 à 89
548 3008 1616 3133 Ma à Naveul 2,75 à 4,50
1992 3000 3046 3155 m Rozier de 75 à 76
2168 3150 3042 3301 Britin de 25 à 40
2124 3290 3036 3471 Merier de 14 à 20
1952 3554 3430 3741 Pas de variation depuis le 15 juin dernier
533 4003 820 4091 maçons
2018 4018 3456 4205 Tous les ouvriers de ces dernières professions
556 4137 868 4242 menuisiers
1942 4198 3126 4345 n'ont pas eu un jour de chomage
550 4280 934 4383 charpentier
580 4409 908 4513 ferrantier
1370 4448 1730 4583 3 à 4
590 4529 886 4639 Courreurs
592 4660 814 4775 Peintre
602 4774 1158 4899 Toilier
