4000 6000
2226 506 3072 627 Les ouvriers de cette parties
2070 619 3106 757 sont généralement occupés on remarque
2080 723 3194 859 un rendement de travail pour
2080 843 3258 971 les ouvriers travailleuse sur le métier circulaire
2248 945 3204 1073 ceux qui travaillent sur le métier à
2124 1052 3204 1186 bobine se trouve dans les mêmes conditions
2130 1203 2734 1309 de ce trimestre
2302 1295 3194 1421 quant à ceux qui travaille par
2144 1413 3176 1545 le métier
2150 1541 3126 1661 ne perçoit pas d'amélioration
2278 1789 3250 1921 Cette partie s'en relever depuis l'an dernier
2154 1917 3104 2047 tous les ouvriers sont occupés
2246 2043 3280 2169 Il y a beaucoup de commandes
2170 2179 2902 2297 pour l'achat de foulards
2344 2449 3238 2551 Les ateliers de teinturerie
2200 2563 3362 2691 de la fabrique
2104 2703 3354 2831 Dans les grands ateliers
2016 2835 3366 2987 de M. Gilet à la quarantaine
2024 2956 3398 3102 a été critiqué et son travail
2038 3094 2758 3222 de 5 j par semaine.
2354 3205 3352 3341 Il n'y a pas de commandes de cette
2126 3331 3418 3479 partie. Les principaux Chevalier,
2102 3459 3398 3601 Breton ont emmené le nombre d'ouvrier
2104 3593 3424 3729 mais ils ne font que faire 10h de travail
2094 3737 3374 3861 par journée
2370 4067 3306 4121 Cette partie  qui a emploi
2122 4169 3338 4273 au trimestre dernier a beaucoup ralenti depuis
2376 4289 3332 4397 Les commandes n'arrivent plus
2142 4439 2702 4529 d'après les dernières nouvelles.
