4000 6000
314 1138 1246 1382 Atelier central
592 2122 1100 2304 Buise
574 2620 1114 2794 Oullins
2064 731 3192 868 Il y a dans cette partie 20 ouvrières de moins qu'au
1910 844 3218 996 dernier trimestre.
1932 1071 3242 1200 Elles ne travaillent
1934 1192 3262 1336 qu'au réparation du matériel
1946 1304 3350 1440 Le ralentissement du travail est attribué
1950 1423 3322 1558 les voies fermées qui
1962 1561 2926 1690 commença depuis quelques temps.
2082 1821 3374 1938 Cette crise qui n'occupait à demi temps
1940 1957 2910 2074 120 ou aujourd'hui 350
2060 2073 3318 2202 Il y a du travail pour quelque et l'an après
1948 2195 3386 2340 des commandes d'ici à la le travail continuait
2124 2461 3382 2588 Cette uni en meilleur condition qu'au
1966 2587 3390 2726 dernier trimestre aujourd'hui 1850 à 1900
1986 2727 3254 2848 ouvrier 250 à 275
