4000 6000
1250 676 3142 869 Situation de l'industrie à Lyon
1658 820 2434 947 au 13 juin 1861
2450 1154 3518 1281 Cette parties qui était déjà en chomâge
2256 1282 3458 1415 au trimestre dernier a encore baissé depuis.
2454 1414 3544 1529 Le nombre de métier occupés qui n'était
2238 1540 3518 1683 que d'un tiers est aujourd'hui la moitié
1494 1624 2002 1717 1 25 à 5,75
526 1644 1178 1763 Etoffes unies
2480 1682 3562 1791 Les prix des façons a également diminué
2274 1814 3506 1937 et l'ouvrier qui gagnait de 2 f à 2,50
2284 1944 3350 2071 gagne aujourd'hui que 1,25 à 1,75
2474 2192 3598 2317 Le printemps qui amène d'habitude un
2288 2330 3560 2463 relancement de travail dans cette partie n'a
2304 2470 3420 2599 rien chargé cette année dans la situation.
646 2532 2080 2665 8 - façonnées - 75 à 2,50
2488 2614 3602 2727 Le travail va aussi mal qu'au dernier
2274 2758 3080 2879 trimistre sinon d'avantages.
2522 3038 3530 3143 Cette partie qui compte peu d'ouvriers,
2304 3170 3594 3295 les métiers étant tenu en partie par des maîtres
1508 3298 2090 3393 2,50 à 3 00
2312 3304 3634 3439 a baissé depuis le dernier trimestre, mais d'une
526 3348 1334 3461 Velours unis
2320 3458 3246 3563 manières peu terribles encore.
2536 3702 3580 3823 Cette partie qui était déjà en plein
2320 3826 3654 3957 chômage au trimestre dernier est aujourd'hui
2342 3980 3250 4091 dans les conditions encore pires.
2544 4110 3576 4219 Rien ne fait qu'elle puisse
574 4124 2124 4235 8° façonnés 2 50 à 3 00
2340 4240 3622 4359 se relever avant le mois de 7 bres (qui est le
2368 4392 3534 4489 commencement de la campagne d'hiver)
3042 4648 3404 4702 encore plus
2572 4700 3504 4750 cette partie va mal qu'au
568 4832 2098 4876 Ornements église 2 25 à 2 50
2358 4798 3580 4893 trimestre dernier et cela sans espoir d'une
2374 4954 2606 5039 reprise.
