4000 6000
2796 489 3780 656 Cette partie qui l'était maintenant
2462 619 3736 770 dans de bonnes conditions jusqu'à la fin du
2476 752 3704 892 dernier trimestres a subi effectivement les
2470 878 3496 988 baisses à laquelles on attendais
1772 985 2288 1116 3.00 à 3.50
2772 1005 3728 1156 Elle se trouve pourtant encore dans
618 1033 1154 1154 Châles
2452 1141 3768 1297 des meilleurs conditions que les autres quoique
2456 1271 3756 1433 déjà certain fabricants ai fait subir une
2436 1410 3756 1564 diminution de 5 par milles coups de navette.
2704 1710 3768 1850 Il y a un plus grand nombre d'ouvrières
540 1831 1278 1950 Devidages
2432 1849 3720 1963 sans travail qu'au dernier trimestre. Celles
1752 1873 2268 1978 1  00 à 1. 25
2432 1987 3756 2116 qui sont encore occupés ne gagnent plus que
2414 2122 2738 2224 1 à 1,25
464 2365 1282 2484 Moulinages
1876 2379 2296 2490 1. 00 à 1.25
2564 2389 3792 2530 Dans les mêmes conditions que le devidage
2574 2683 3776 2812 Toujours dans les mêmes conditions qu'au
2394 2825 3744 2952 dernier trimestre exposé au chomage
2404 2961 3728 3082 ou la fabrique avec la difference que deux
460 3035 1280 3154 liseurs de dessins
1692 3069 2290 3194 2 50 à 3 00
2394 3103 3736 3228 journées des travail dans cette partie en valeur
2358 3239 3744 3370 10 de celles d'un tisseur. En ce moment il y
2414 3379 3760 3504 a des ouvriers qui sortent à 15 jours sans rien
2430 3520 2632 3626 faire
2536 3793 3608 3926 Dans les mêmes conditions que les
488 3815 1032 3936 Lisseuses
1678 3855 2284 3986 2 50 à 300
2372 3929 2960 4046 precedente partie
452 4127 3694 4356 Ourdisseuses 2 50 à 3 00 Dans les mêmes conditions que les 2 autres
2490 4481 3708 4612 Dans cette partie il n'y a que les maîtres
2346 4617 3720 4750 qui travaillent à peine 2 jours par semaine
496 4661 2292 4832 Plieurs d'étoffes 3. 00 à 3 50
2370 4747 3674 4872 Seulement connu ils gagnent beaucoup ils
2360 4879 3704 5005 peuvent vivre plus facilement que les autres
2320 5011 3534 5147 ouvriers au chômage.
