4000 6000
448 624 2028 784 Lisseuses même chose 2.00 à 2.50
348 1089 2048 1261 Peigniers pr la fabrique 3.00 à 5.00
1022 1251 2008 1314 2f50 3f et 4f de 5 et 6f
1026 1315 1622 1398 même exception
410 1590 2078 1752 Tullistes 3.50 a 4f   2.50 à 5.00
292 1938 1760 2068 Chineurs 1.50 et 3.75
306 2055 1714 2184 Imprimer c'est une nouvelle disposition
210 2352 1658 2464 Plieurs quand il travaille 12 et 15f
258 2504 1890 2616 il y a des jours qu'il ne plie qu'une ou 2 pièces
262 2640 1928 2758 60 ou 1 livre ce ne sont que des maîtres.
1588 3052 2080 3144 4.00 à 5.00
302 3055 1346 3149 Fabt de Châles
324 3155 1452 3257 laine ou 1/4 3f 3.50 une petite
306 3277 1102 3368 partie exception 4f
298 4112 1338 4200 Ornements d'Eglises
1572 4122 2070 4210 4.00 à 5.00
420 4226 778 4322 de 3 à 4f
2168 574 3580 704 Leur travail ne s'est pas ralenti. Les ouvrières
2186 731 3568 865 qui travaillent chez elles gagnent jusqu'a 5f
2222 1050 3594 1186 Le travail qui s'était un peu ralenti a repris
2220 1228 2836 1356 depuis quelques temps.
2230 1566 3766 1704 Dans cette partie les ouvriers travaillant sur les
2232 1738 3736 1898 métiers dits Beaubin pensent gagner de 4 à 5f50
2234 1922 3778 2062 mais ceux qui travaillent sur les métiers circulaires
2234 2106 3780 2245 où ils ne sont payés que tant par K° c'est à peine
2242 2282 2942 2411 s'ils arrivent à 3f.
2240 2454 3810 2596 La plupart de ces derniers mètres chôment faute
2248 2646 2548 2784 de bras.
2296 3019 3732 3147 Les nombres des métiers des châles a été bien
2270 3164 3750 3311 réduit, mais ceux qui restent sont tous occupés.
2296 3340 3764 3492 Lors des premiers temps de guerre le travail
2314 3544 3794 3685 s'est ralenti pendant quelques jours seulement
2286 3724 3376 3851 il a complètement repris depuis.
2330 4068 3708 4216 Cette partie a beaucoup baissé par suite des
2296 4246 3774 4396 relations interrompues avec l'Italie. Les ouvriers
2308 4418 3762 4572 de cette partie qui manquaient de travail se
2294 4616 3814 4762 sont mis à faire l'armure qui se rapproche
2288 4810 3132 4946 beaucoup de l'ornement.
