4000 6000
402 992 1286 1178 Peigniers pr la fabrique
408 1792 876 1970 Tullistes
350 2630 1102 2802 Passementiers
366 3504 1236 3690 Imprimeurs d'étoffes
1390 936 1832 1114 2 25 à 2 75
1564 1732 1908 1910 1 75 à 2 75
1420 2570 1918 2766 1 75 à 2 50
1440 3436 1992 3614 2 75 à 3 50
2160 690 3010 810 Le travail s'est ralenti depuis les
1970 791 3114 935 dernier trimestres. Les commandes n'arrivent
1990 898 3038 1043 qu'à des jours d'intervalles et encore sont elles
1990 998 3142 1145 sans importance. On craint que dans quelque
2008 1122 2990 1261 temps cela n'ailles encore plus mal.
2170 1349 3166 1482 Cette partie est dans la même situation
1996 1492 2660 1620 qu'au dernier trimestre.
2184 1582 3086 1718 Les ouvriers travaillant sur les métiers
1934 1725 2778 1854 circulaires sont à l'ouvrage.
2224 1821 3190 1954 Ceux travaillant sur les métiers à bobine
2028 1947 3146 2091 en ont un peu moins et ceux des métiers
2028 2069 3126 2211 dit à 4 rangs presque pas.
2226 2275 3248 2418 Cette partie qui est peu importante à Lyon
2024 2413 3214 2566 ne fait presque rien en ce moment. Lorsqu
2032 2546 3214 2700 le travail manque les ouvriers gagnent jusqu'à
2052 2649 3274 2838 5 f par journée aujourd'hui la place forte arrive
2044 2829 2542 2958 à peine à 2 50.
2260 3045 3270 3194 Cette partie qui l'était relevée un peu
2084 3181 3178 3342 vers la fin du dernier trimestre eut tourné
2100 3321 3230 3466 aujourd'hui peu forte et rien ne fait
2106 3443 3312 3618 prevoir une amelioration d'ici à quelque temps
2274 3561 3310 3718 Il y a des ateliers qui veulent en semaine
2128 3741 2682 3856 entrer au travail
2312 3945 3322 4086 Les ateliers de teintureries, ceux qui font
2132 4073 3370 4212 les couleurs variées depuis quelques une
2154 4207 3382 4354 certaine autorisé, il n'y a que ceux font les
2146 4323 3390 4484 noirs qui fonctionnent . Voici les différences : ateliers
2184 4451 3416 4608 faisant couleur variée chez M. Renand 150 ouvrier
2170 4571 3374 4738 pour 0 journée de repos dans la semaine
2182 4703 3398 4859 Chez M Guniou la dernière
2198 4811 3346 4977 quinzaine qui 130 aujourd'hui 160
2210 5003 2498 5089 jour repos.
