4000 6000
2414 616 3472 722 Chez M Bouchane depuis 25 jours
2358 747 2644 801 20 ouvriers
2264 844 3580 998 aujourd'hui 120 pas de repos ; quelque un font
2288 1000 2768 1114 des heures en plus
2516 1114 3120 1226 Métiers les moins
2440 1220 3478 1362 M Gibert 20 ouvriers en moins
2288 1360 3550 1506 ne sont aujourd'hui que 140 2 jour de repos par
2278 1530 2582 1638 semaine.
2470 1604 3638 1756 Chez M Bevon 100 ouvriers toujours même
2300 1754 3344 1910 non que 3 jours de repos par semaine
2506 1888 3494 2024 Chez M Miedel l'ouvrage premier
2334 2004 3626 2178 maintenu jusqu'à ce jour mais il n'attends
2326 2172 3282 2314 à tout moment à une crise.
