4000 6000
2032 677 3082 791 Cette partie s'était relevé un peu depuis le
1890 796 2962 907 dernier trimestre et eut retombé à nouveau
398 899 3133 1095 Imprimeur d'étoffes 2 50 à 3 50
2012 1023 2928 1131 c'est le moment du chomage.
2052 1117 3192 1235 Les grands ateliers occupent pourtant les mêmes
1902 1271 2362 1368 nombre d'ouvriers.
2066 1472 3162 1586 Cette partie va aujourd'hui plus mal qu'elle n'a
1912 1588 3136 1718 été depuis le commencement de l'année dans tous les
1922 1700 3234 1838 grands ateliers. Le nombre d'ouvriers a diminué, une
1940 1793 3188 1949 certaine quantité remise à tour de rôle, au comité
1936 1989 2798 2057 un ou deux jours par semaine.
2086 2057 3278 2186 Nombre d'ouvriers en moins qu'au dernier trimestre
1332 2111 1782 2212 2 00 à 300
408 2158 930 2264 Teinturiers
1920 2207 2598 2312 dans les ateliers ci-après :
2708 2334 2768 2419 30
2082 2333 2522 2424 Chez M Renard
2692 2443 2800 2536 46
2332 2453 2524 2542 Guinon
2726 2567 2786 2656 20
2322 2583 2504 2674 Gillene
2724 2706 2808 2800 30
2324 2713 2518 2808 Michel
2086 2807 3300 2942 Dans les ateliers
1934 2965 2562 3070 ils se reprennent d'avantage.
668 3183 3106 3354 La fabrique et tout ce qui  s'y rattache se trouve aujourd'hui dans les jours mauvaises
394 3307 3314 3488 conditions enfin les affaires communiquées n'ont pas une solution pour reconstruire la situation de l'an dernier
396 3525 590 3628 prive
1994 3821 3290 3960 Le travail s'est maintenu
2000 3937 3350 4084 ce jour dans de bonnes conditions. Le nombre
1252 3975 1642 4074 3 à 4
496 4009 886 4112 Oullins
2012 4083 2946 4214 d'ouvrier est varié de 18 à 2000
2146 4317 3358 4474 Occupe aujourd'hui 550 ouvriers c'est à dire
2020 4447 3386 4604 100 de plus qu'au dernier trimestre et près de 200
1250 4493 1670 4588 3 à 4
490 4535 940 4634 Buire
2022 4621 2834 4732 plus qu'au 1er trimestre.
2146 4837 3346 4976 Dans les mêmes conditions qu'au dernier trimestre.
546 4859 1670 4998 G° central 3 à 4
