4000 6000
1064 669 3082 875 Situation de l'industrie à Lyon
1536 829 2438 983 au 13 Décembre 1861
2090 1185 3494 1327 Cette partie qui était depuis fort longtemps
1854 1319 3354 1485 dans un état presque complet de chômage à
1894 1445 3462 1611 repris depuis un mois environ une légère activité
1890 1587 3394 1743 qui paraîtrait même s'être augmentée depuis.
448 1689 1294 1851 Étoffes unies
2102 1723 3414 1859 Cette reprise n'a pas fait augmenter le
1882 1851 3594 2005 prix de façons qui est toujours le même, c'est à dire
1874 2027 2226 2149 très réduit.
2186 2267 3442 2391 La situation de cette partie ne s'est pas
1890 2407 3062 2549 améliorée depuis le dernier trimestre.
2166 2537 3642 2681 On espère une reprise d'ici à quelques temps, mais
994 2631 1454 2759 Étoffes façonnées
1886 2677 3638 2847 quant à présent elle est dans un état de chômage
1870 2867 2520 2977 presque complet.
2182 3095 3624 3251 Le travail qui s'était ralenti vers la fin du
1932 3235 3598 3395 dernier trimestre a repris un peu d'activité et cette
1914 3393 3536 3541 partie se trouve aujourd'hui dans d'assez bonnes
482 3475 1226 3593 Velours unis
1926 3543 3538 3687 conditions. Néanmoins le prix des façons n'a pas
1944 3724 2320 3835 augmenté.
2218 3925 3690 4085 Dans d'aussi mauvaises conditions qu'au trimestre
1946 4085 3660 4237 dernier. On espère une reprise d'ici à quelques jours
678 4247 1410 4359 Velours façonnés
1968 4223 3660 4391 mais pour le moment il ne se fait dans cette partie
1956 4413 2668 4543 que des échantillons.
2218 4673 3696 4795 Il n'y a pas de commandes. Le peu des métiers
1962 4817 3682 4933 qui sont en partie occupés mais ne travaillent
528 4867 1552 4967 Ornements d'Église
1970 4969 3074 5075 que pour amortir le magasin.
