4000 6000
370 1004 1100 1182 Police politique
378 1820 884 1990 Étoffes unies
416 2390 938 2572 Étoffes façonnées
400 2992 942 3184 Velours unis
430 3596 1106 3780 Velours façonnés
476 4246 1140 4430 Ornements d'Église
502 4724 842 4890 Chales
1584 664 3326 943 Situation de l'industrie à Lyon
2222 852 2734 1007 Mars 1862
2126 1622 3602 1846 Cette partie ets aujourd'hui en pleine activité. Le prix
1988 1774 3502 2006 des façons qui avait subi une grande interruption se relève et
2024 1928 3660 2156 jusqu'à présent il y a eu une amélioration de 25c par journée qui
2038 2112 3130 2292 cela continue sera de 50c dans peu de temps.
2160 2234 3536 2437 Il y a dans cette partie une reprise mais pas aussi
2048 2383 3580 2597 caractérisée comme dans celle des unis. D'un autre côté les
2052 2522 3694 2757 prix n'ont pas varié et sont au même taux que pendant
2040 2776 2446 2911 le chomage.
2190 2858 3634 3051 Le travail qui avait commencé à reprendre au
2048 2988 3766 3217 commencement du trimestre a continué otujours en augmentant
2048 3183 3340 3377 et tous les métiers sont occupés.
2208 3313 3798 3527 Le prix de façons est toujours le même depuis fort longtemps
2238 3469 3682 3687 Le travail n'est pas encore bien donné dans cette
2358 3651 3794 3845 partie. Il y a eu un mouvement depuis le dernier trimestre
2100 3817 3670 4031 mais peu pénible. Cet état rationnaire tient à une question de
2318 4027 2982 4179 mode qui n'est pas encore définie.
2278 4169 3790 4355 Cette partie est toujours dans une situation stationnaire
2152 4364 3134 4517 la même qu'au dernier trimestre.
2316 4506 3344 4665 Les prix des façons n'a pas varié
2298 4647 3834 4841 Cette partie s'est maintenue dans de bonnes conditions
2158 4827 3790 4997 depuis le dernier trismestre. Tout fait supposer que le
2190 5031 2906 5157 travail se maintient.
1364 1750 1842 1910 1.75 à 2.25
1423 2368 1872 2577 2.25 à 2.75
1413 2925 1901 3144 1.50 à 2.00
1503 3602 1941 3782 2.25 à 3.00
1473 4190 2011 4429 2.50 à 2.75
1513 4698 2021 4897 2.75 à 3.50
