4000 6000
236 719 1634 868 Teinturiers même chose 3.50 à 4.00
612 835 1234 924 mais ne font que 3 à 4 journées.
1236 1501 1646 1577 3.00 à 3.50
180 1545 1092 1652 Imprimeurs sur étoffes
190 3007 1754 3160 Ateliers d'Oullins 3.50 à 5.00
244 4619 1828 4740 Ateliers de la Buire 3.50 à 5.00
1818 602 3364 785 La teinturerie a très bien marché jusqu'à ce jour. Le
1816 738 3466 933 chômage qui dans cette partie arrive à cette époque de l'année
1828 888 3370 1083 ne s'est fait sentir que dans quelques rares ateliers.
1836 1052 3086 1241 En somme le travail marche encore bien.
1864 1347 3542 1552 L'imprimerie sur étoffes est arrivée à l'époque de l'année ou
1852 1521 3552 1727 le chômage se fait le plus sentir mais dans 3 semaines ou
1882 1693 3524 1889 un mois au plus il va reprendre de plus fort pour les étoffes
1892 1862 3540 2049 d'hiver. Dans les petites fabriques comprises de 25.30 à 40
1894 2012 3542 2227 ouvriers tous se fait en ce moment que la moitié de la
1862 2182 3626 2398 semaine, mais chez les M.M. Jandin Giraud Mellier
1902 2358 3618 2562 et Cie à Ficra bénite, les ouvriers au nombre de 50.80 à
1902 2562 2998 2743 40 travaillent tous journellement.
1934 2884 3614 3095 Depuis le mois de mars il y a eu une diminution des prix
1952 3066 3666 3271 de moitié dans le nombre des ouvriers sur 1100 ils ne sont
1948 3259 3598 3455 plus aujourd'hui que 500 et quelques. Cela tient ainsi
1944 3417 3610 3631 que je l'ai dit dans mon dernier rapport à ce que Paris
1930 3596 3630 3811 Mulhouse fabriquent les mêmes ouvrages à de meilleurs
1960 3778 3630 3989 prix. Ils n'ont en ce moment aucune grande
1986 3964 3702 4159 entreprise. Certains ouvriers gagnent 6.8 et 10 jusqu'à
1944 4214 2152 4361 12f.
2004 4500 3674 4711 Les ateliers de la Buise se trouvent absolument dans
1984 4678 3696 4881 les mêmes conditions que ceux d'Oullins et occupent 400
1994 4868 3478 5055 ouvriers de moins qu'au mois de mars dernier.
