4000 6000
1247 500 1598 580 1862
450 2230 1034 2406 Etoffes unies
656 2998 1090 3182 Faconnées
430 3426 1062 3594 Velours unis
660 3942 1136 4116 Façonnés
472 4372 1310 4566 Ornements d'église
3302 539 3430 663 15
2196 1925 3632 2051 Le travail continue de se maintenir dans cette parties
2122 2075 3638 2203 mais n'a rien changé dans les salaires qui ont toujours fort
2114 2205 3570 2333 minimes. La vente de ces articles a été bonne. Il y a
2112 2337 3580 2471 peu de marchandises en rayon en tout fait
2134 2462 3666 2611 qu'il y aura du travail assez continu pour tout l'hiver prochain
2238 2728 3658 2858 Cette partie n'eut pas sans d'aussi bonnes conditions que la
2136 2848 3634 3000 précédente. Le chale soie a bien fourni et les autres articles
2150 3005 3430 3129 se haute nouveauté sont toujours en Jounthance
2258 3243 3710 3393 On vient de montrer dans cette partie de métier pour velours
2156 3377 3726 3541 grande largeur dont la fabrication ne se ralentit pas. Par
2150 3523 3746 3679 controler métiers pour petite largeur ont eu un peu de joutrance
2244 3820 3758 3951 La situation ne s'est pas amélioré
2146 3974 2864 4095 depuis le dernier trimestre.
2278 4209 3772 4359 Cette partie depuis la fête-Rieux est retombée dans mi-mars
2138 4367 3678 4511 primitif. Il n'y a pas de commandes d'articles
2170 4513 3690 4643 articles inférieurs ne donnent pas beaucoup de prime.
