4000 6000
398 1367 734 1497 Chales
412 1771 942 1903 Devideuses
300 2451 916 2561 moulinages
354 2943 1074 3089 tisseuses
446 3403 860 3503 lisseuses
346 3939 984 4039 Ourdisseuses
362 4409 1038 4517 plieur d'etoffes
2268 1103 3526 1234 Cette partie se maintient dans des conditions
2190 1253 3404 1390 passables. Il y a peu de métiers occupés.
2292 1521 3610 1649 La situation de cette partie sont la même qu'au
2170 1661 3642 1800 dernier trimestres ni bonne ni mauvaise
2180 1797 3498 1932 Il y a des atlernatives de presse et de chômage.
2272 1939 3212 2086 Il y a peu d'ouvrieres occupées.
2306 2222 3694 2348 Situations bonnes. Le travail s'est toujours biens
2166 2362 3690 2496 maintenu pendant la durée du trimestre dernier
2194 2506 3254 2636 paraît ne pas vouloir se ralentir.
2318 2776 3566 2902 Meme situation qu'au dernier trimestre
2214 2916 3546 3051 Aune momentanée toujours de quelque
2242 3074 2840 3197 pour de chomâge.
2314 3335 3754 3464 On travaillé assez pendant toute
2182 3501 3698 3628 durée du trimestre. Continue à travailler
2240 3661 3062 3770 sans beaucoup de variation.
2326 3937 3238 4054 Dans les mêmes conditions.
2324 4203 3744 4344 Le travail a été a peu près personne
2218 4378 3732 4489 toute la durée du trimestre et se maintent encore
2358 4522 3700 4625 On peut dire que la formation de cette partie
2172 4655 3394 4773 dans ces conditions assez favorables.
