4000 6000
800 667 1584 779 3e trimestre 1862
1152 925 1384 1022 1.75 à 2.15
420 925 986 1033 Étoffes unies
1260 1700 1420 1779 2.25 à 2.75
422 1691 994 1793 Étoffes façonnées
1174 2315 1434 2421 1.50 à 2.00
422 2327 1018 2437 Velours unis
1212 3237 1454 3333 2.25 à 2.75
410 3243 1070 3349 Velours façonnés
1194 3781 1478 3877 2.50 à 3.75
438 3789 1092 3903 Ornements d'Églises
1218 4338 1490 4441 2.75 à 3.00
444 4347 866 4449 Châles
1824 609 2498 754 15 décembre 1862
1666 810 3598 982 Depuis 15 jours ou 3 semaines environ le travail s'est un peu
1554 947 3598 1117 raleni ; l'on dit même que dans quelques ateliers l'ouvrier subit une
1542 1103 2582 1241 diminution de 10c par journée.
1686 1197 3510 1360 Ce ralentissement ne parait cependant avoir rien de sérieux
1570 1323 3554 1493 attendu que les demandes d'ouvriers sont toujours fort nombreuses.
1696 1575 3626 1752 Cette partie a bien marché jusqu'à ce jour. On remarque
1718 1713 3630 1871 bien depuis peu de temps une légère baisse, mais il n'y a pas lieu
1572 1846 3582 2014 de s'en préoccuper attendu qu'elle a lieu tous les ans à peu près
1570 2018 2314 2136 à la même époque.
1718 2231 3678 2390 Le travail qui ne s'était pas ralenti depuis presque le commencement
1570 2367 3654 2540 de l'année, subit depuis peu de temps une légère baisse due au
1590 2509 3710 2672 grand nombre de pièces de cet article qui sont encore en magasin.
1586 2635 3682 2796 Si les ventes qui ont lieu dans les derniers jours de Septembre et dans le
1596 2761 3614 2922 courant d'octobre sont bonnes il est probable que le traavail
1590 2923 2800 3066 reprendra comme précédemment.
1744 3157 3670 3314 Cette partie marche assez mal depuis quelques temps et se
1588 3287 3654 3452 trouve toujours dans la même situation. On fonde de grandes
1602 3419 3764 3602 espérances sur la nouvelle campagne qui va s'ouvrir prochainement.
1748 3707 3742 3864 Cette partie qui chômait presque depuis fort longtemps, tend
1622 3849 3738 4010 aujourd'hui à se relever. Depuis un mois environ il n'y a pas
1640 4037 2606 4154 d'interruption de travail.
1718 4267 3718 4422 Depuis un mois 1/2 environ le travail s'est beaucoup
1662 4415 3590 4566 ralenti et une grande partie des métiers est coupée.
1770 4563 3756 4710 Cette baisse dans le travail se fait bien sentir à peu près
1824 4715 3592 4856 tous les ans mais pas d'une manière aussi sensible.
