4000 6000
350 2756 958 2938 Étoffes unies
604 3634 960 3797 Étoffes façonnées
418 4284 994 4456 Velours unis
1390 1099 2366 1225 13 Décembre 1862
2306 2390 3360 2503 Cette partie qui comprend les satins
2208 2524 3368 2632 les gros de Naples, les armures et articles
2220 2629 3386 2743 pour parapluies et ombrelles est à peu près
1399 2717 2045 2971 1.25 à 1.75
2224 2750 3294 2868 la seule qui ait un travail bien suivi.
2332 2858 3424 2980 Les ouvriers sont surs d'y trouver des métiers
2236 2988 3298 3117 à prendre mais  les prix de façons sont
2240 3114 3126 3233 malheureusement fort médiocres.
2348 3346 3464 3489 Cette partie qui déjà vers la fin du dernier
2236 3484 3486 3621 trimestre commençait à se ralentir a tenu
1399 3576 2135 3789 2.00 à 2.50
2256 3624 3456 3751 jusqu'à ce jour tant bien que mal et ne s'est
2242 3780 2774 3883 pas encore relevée.
2368 4026 3318 4145 Cette partie est dans la même
2268 4136 3478 4281 situation qu'au dernier trimestre. Les ventes
2260 4278 3392 4407 n'ont pas été favorables, les magasins sont
1448 4279 2144 4443 1.20 à 2.00
2278 4410 3472 4543 encombrés des pièces et par suite le travail reste
2288 4544 3410 4673 stationnaire. Heureusement, que les métiers
2294 4680 3322 4795 sont presques tous tenus par des maîtres.
