4000 6000
504 1072 1182 1156 Etoffes unies
462 1702 1262 1808 Etoffes façonnées
438 2264 1122 2352 Velours unis
378 3244 1184 3326 Velours façonnés
352 4208 1022 4304 Dévidage
1458 449 2734 595 Situation industrielle
1652 576 2504 721 au 3 septembre 1859
2376 1005 3774 1127 Le travail commence un peu à se ralentir dans
1498 1015 2030 1133 2.50 à 3.50
2208 1139 3682 1263 cette partie, déjà plusieurs métiers chôment et
2190 1280 3780 1392 l'ouvrier a du subir une baisse nuisible dans les prix de
2182 1412 2950 1524 la journée de travail.
1468 2227 2032 2325 1.75 à 2.00
2346 2233 3814 2337 Il y a déjà une baisse sensible dans cette partie
2180 2373 3722 2479 l'on s'attend à une plus grande provenant doit du
2190 2520 3818 2613 chomâge qui a lieu tous les ans vers cette époque soit de
2190 2636 3814 2745 la cherté des soies. Les prix n'ont pas varié pour
2194 2740 3766 2845 les ouvriers occupés. La fabrication des velours ainsi
2198 2862 3838 2960 que je l'ai dit dans mon dernier rapport tend tous les jours
2190 2990 3292 3088 à se transporter dans les campagnes.
1420 3233 2090 3347 2.50 3.50
2388 3273 3700 3365 Cette partie se maintient encore, mais on
2170 3394 3182 3504 s'attend tous les jours à une baisse.
2358 3547 3658 3651 Les ouvriers de cette partie ont la ressource
2168 3683 3806 3787 d'entreprendre l'armure qui leur offre moins de bénéfices
2154 3815 3762 3933 mais où ils peuvent pourtant encore gagner de 2.50 à
2162 3980 2304 4079 3f.
2388 4271 3622 4383 Le chomâge se fait déjà sentir d'une
2160 4401 3244 4515 manière sensible dans cette partie.
2350 4543 3730 4651 Les ouvrières restent toujours logé chez leurs
2150 4687 3704 4795 patrons mais il n'est pas possible d'établir la
2160 4815 3716 4941 moyenne de leur journée de travail attendu qu'il
2160 4963 2812 5085 n'est plus régulier.
2358 5105 3694 5247 Il y a en ce moment un tiers des ouvriers qui
2150 5239 2716 5369 ne travaille pas.
