4000 6000
450 822 1052 1012 Moulinage
472 1328 1064 1506 liseurs de dessins
508 1736 842 1898 lisseuses
484 1998 942 2170 ourdisseuses
452 2274 1046 2454 plieuses d'étoffe
484 2704 924 2866 Peigniers
510 3302 1006 3468 Passementiers
500 3764 794 3920 Tulles
520 4340 1118 4506 Imprimeur d'etoffe
1876 578 3494 731 Le travail n'a pas cessé un instant pendant toute la
1738 708 3510 880 durée du trimestre et a été même un peu plus abondante
1736 850 2890 1014 que pendant les trimestres précédents.
1864 1100 3508 1255 La reprise du travail qui a eu lieu dans le façonné
1762 1247 3574 1398 a donné un peu d'activité pour cette partie qui a assez
1774 1393 2904 1528 travaillé pendant tout le trimestre.
1894 1644 3606 1797 Dans de bonnes conditions, meilleurs même qu'au dernier trimestre
1894 1930 3578 2073 Dans les mêmes conditions que les précédentes parties.
1934 2216 3654 2359 Conditions completement identifiques à celle du des deux parties précedents
1930 2520 3574 2653 Cette partie qui au dernier trimestre ne travaillent que
1802 2668 3562 2821 par secousses à un travail régulier pendant tout ce
1818 2828 3286 2959 trimestre. Le travail se maintient encore.
1958 3114 3558 3269 A l'exception de l'article dit : cheville il y a moins
1832 3266 3562 3417 travail couturier pour tous les autres pendant le
1854 3408 3682 3565 trimestre. Dans certain moment les ouvriers ont manqué.
1956 3732 3730 3861 La situation est la même qu'au trimestre précédent
1838 3916 2518 4023 c'est à dire bonne.
2006 4178 3670 4319 Cette partie a baissé depuis le milieu du trimestre
2006 4342 3666 4475 à Lyon qu'à Forrain à Pierre Remite et Neuville.
1974 4486 3372 4621 C'est typique de la mort saison.
