4000 6000
252 738 1076 868 Préfecture du Rhône
240 880 964 1002 Commissariat Spécial
150 1156 926 1266 Police Politique
218 1730 798 1834 Industries
126 2398 642 2506 Etoffes unies
240 3404 798 3510 _i°_ façonnées
182 4274 678 4388 Velours unis
228 4994 710 5106 _i°_ façonnés
1463 848 3531 1010 Situation de l'industrie à Lyon
1866 1102 3058 1130 au 25 Juin 1865
1162 1562 1442 1674 Moyenne
1890 1638 2810 1770 Observations
1116 1702 1492 1818 du salaire
1870 1884 3546 2062 Cette partie, qui comprend les satins, les taffetas, les gros de
1712 2028 3614 2224 Naples et articles pour parapluies et ombrelles, est encore une de
1716 2176 3626 2372 celles qui fournit le plus de travail. Quoique sa situation laisse
1100 2346 1472 2472 1,50 à 2,75
1710 2330 3670 2532 beaucoup à désirer, tant sous le rapport du prix des façons que de
1710 2484 3694 2684 l'abondance de l'ouvrage, c'est encore celle qui est la mieux partagée.
1716 2640 3638 2840 Elles est dans de bien meilleures conditions qu'au trimestre dernier.
1872 2944 3734 3140 Les articles façonnés sont en souffrance depuis bien longtemps et
1746 3094 3754 3308 ne tendent pas à se relever, l'on craint même une légère morte pour la
1094 3252 3758 3490 1,75 à 3,00 } fin août lorsque tout ce qui est sur les métiers sera terminé. Le prix
1738 3412 3764 3628 des façons laisse à désirer; quelques ouvriers gagnent jusqu'à 4,50
1766 3574 3774 3792 par journée; mais ils sont si rares que l'on n'en parle même pas.
1912 3886 3794 4098 On ne compte plus à Lyon qu'un très petit nombre de métiers
1802 4052 3846 4262 pour velours, la majeure partie étant depuis longtemps transportée
1780 4204 3840 4420 dans les campagnes : C'est un article qui se soutient depuis quel¬
1143 4228 1620 4349 1,75 à 3,00
1792 4422 3034 4588 ¬que temps ; sa situation est bonne.
1946 4690 3874 4902 Une petite recrudescence de travail a eu lieu dans cette partie
1168 4913 3974 5022 2,00 à 3,50 } pour la confection d'articles pour robes et gilets ; mais ces articles ter¬
1776 5030 3922 5240 ¬minés, et ils sont presque à leur fin, on s'attend à un petit chômage.
