4000 6000
3174 689 3298 800 20
1162 1118 2690 1274 Situation individuelle
1962 1252 2426 1358 gb 1865
1362 1288 1792 1404 au 15
910 1603 3198 1812 Soirie d'industries qui s'y rattachent
868 2130 3558 2344 Etoffes unies_taffetas satins, gros de Naple SS
1244 2284 3562 2462 Quoique cette partie soit encore une de celles qui offrent
840 2417 3536 2618 le plus de ressources pour le travail, sa situation est toujours
860 2565 3594 2756 languissante et inférieure même à ce qu'elle était au dernier
834 2788 1300 2904 trimestre.
1192 2844 3506 3032 Le salaire de l'ouvrier varie entre 2 et 3, suivant
840 2991 3580 3186 l'article qu'il confectionne : celui de l'ouvrier qui a son métier
842 3137 3622 3336 entre 3 et 4°50. Le dernier chiffre est tout à fait exceptionnel
834 3337 2230 3480 et peu d'ouvriers l'atteignent.
1204 3433 3538 3616 En résumé, quoiqu'il y ait un tiers de métiers en
858 3583 3554 3766 chômage, c'est néanmoins, la seule partie qui alimente le
802 3795 1756 3918 plus la fabrique.
990 4033 3288 4196 Etoffes façonnées _ Haute nouveauté,
862 4155 3516 4340 Mantelets brochés, Gilets, Châles soie S°S
1362 4307 3606 4472 Cette partie est depuis plusieurs années dans un
858 4463 3478 4628 état de stagnation dont elle n'a pue sortie encore, le
846 4605 3690 4776 travail est maintenu tant bien que mal jusques vers le milieu
866 4751 3662 4922 du mois d'Août dernier, et l'on remarque depuis lors un grand
870 4897 3678 5064 nombre de métiers innocupés que l'on peut aisément fixer à la
866 5097 1954 5214 moitié de ceux existant.
