4000 6000
470 610 1224 816 Moulinages
530 1126 1182 1324 Ourdinages
504 1376 1272 1566 Apposage d'étoffes
450 1908 910 2080 Lisseuses
430 2572 1484 2746 Peigniers pr la fabrique
466 3480 950 3644 Tullistes
348 4608 1280 4820 Fabt de Châles
384 5034 1340 5226 Ornements d'Eglises
1618 3508 2108 3662 2.50 à 5.00
1562 4668 1938 4824 3.50 à 5.
2214 518 3646 648 se trouve dans les mêmes conditions que les
2210 668 2614 782 dévidages
2244 1348 3616 1460 Le travail se maintient il n'y a pas de
2212 1485 3696 1592 variation depuis le 15 juin dernier ou l'on
2216 1619 3308 1725 s'attend cependant à une baisse.
2268 1907 3752 2022 Depuis un mois environ le travail s'est beaucoup
2188 2049 3732 2162 ralenti. La moitié des ouvrières sont au travail.
2226 2203 3716 2322 Le prix de la journée n'a pas carié pour celles
2220 2353 2528 2458 occupées.
2316 2649 3622 2756 Le travail marche encore l'on achève mes
2180 2795 3732 2898 dernières commissions mais il n'en plus.
2198 2939 3660 3044 Il y a dans cette partie 3 catégories d'ouvriers
2194 3085 3720 3196 à 5, 3 et 2.50 ceux de la dernière sont en
2186 3241 2854 3344 partie sans travail.
2310 3521 3686 3638 Cette partie se maintient dans les conditions
2208 3677 3672 3780 où elle se trouvait dans mon dernier rapport.
2188 3823 3736 3932 Il n'est pas mention jusqu'ici de chomâge.
2350 3953 3764 4068 Comme il y a plusieurs genres de métiers dans cette
2190 4103 3818 4226 partie la différence nitale qui existe dans le prix de
2174 4261 3758 4376 la journée de l'ouvrier provient à la différence de
2178 4407 3154 4514 métier sur lequel il travaille.
2392 4713 3756 4822 Cette partie marche très bien et ne
2142 4867 3116 4978 parrait pas vouloir cesser.
2396 5113 3826 5238 Cette partieest dans les mêmes conditions.
2144 5261 3814 5382 où elle se trouvait au 15 juin dernier. Il existe
2138 5446 3794 5524 très peu de métiers et la plus grande partie vient
2140 5614 2868 5667 pour la fabrique d'ornements en Vaux.
