6000 4000
1140 340 2684 537 Le salaire varie entre 3 et 5/mois à dernier chiffre
946 442 2794 637 n'est applicable qu'à un nombre d'ouvriers excessivement restreint.
1190 534 2766 709 Velours unis _ la confection de ces articles a été
930 626 2708 810 depuis longtemps transportée à la campagne, et il ne reste plus à
920 722 2756 906 Lyon qu'un très petit nombre de métiers, presque tous ocupés par
920 921 1192 998 les maîtres.
1204 913 2708 1073 Le travail s'est maintenu pendant toute la durée
906 1013 2762 1181 du trimestre; mais on craint que le chômage, qui a lieu habitu¬
886 1111 2728 1272 ¬ellement dans les premiers jours de Novembre n'arrive un peu
862 1270 1444 1369 plus tôt cette année.
1134 1314 2746 1451 L'ouvrier partage avec le maître le prix de la façon à
846 1414 2726 1562 raison de tant le mètre et la journée la plus lésée n'arrive pas
844 1566 1342 1664 audelà de 2'25.
1031 1625 2723 1705 Velours façonnés _ Cette partie parait devoir
834 1731 2746 1854 entrer dans la période du chômage à laquelle on s'attendait
822 1839 2350 1956 du reste est eu d'une manière tout-à-fait médiocre.
1040 1946 2668 2052 La vogue des vêtements de velours avait disparu ; cette
806 2053 2644 2158 année, quelques nouveautés ont été fabriquées pour en faire
794 2163 2666 2262 reprendre l'usage, et, si heureusement, elles étaient goutées, elles
762 2273 2706 2368 parviendraient peut-être à faire sortir cette partie de l'état de
800 2387 1762 2470 marasme dans lequel elle végête.
1004 2499 2728 2580 L'ouvrier gagne 2'25 à 2'75 est même 3' par journée
776 2601 2304 2680 c'est-à-dire la moitié de ce que rapporte le métier.
960 2707 2692 2792 Ornements d'églises _ La situation de cette
730 2803 2764 2908 partie est plus mauvaise qu'elle ne l'était au dernier trimestre.
788 2905 2776 3038 Les vêtements de la Fête Dieu lui avaient procuré une petite
740 3015 2632 3126 recrudescence de travail qui, depuis lors, a toujours été en se
734 3123 2626 3240 ralentissant. Chaque année à pareille époque a bien un
732 3225 2674 3348 chômage et ce n'est que dans 2 mois d'ici que l'on pourra
718 3333 2630 3460 compter sur un travail suivi à moins que des circonstances
710 3443 2348 3574 exceptionnelles ne maintiennent le calme actuel.
3444 322 5246 428 Il y a dans cette partie autant d'hommes que de femmes
3278 426 5278 536 qui sont généralement bien rétribués. Quelques ouvriers, hommes ou
3262 523 5270 626 femmes, gagnent jusqu'à 6' par journée ; c'est, il faut le dire,
3270 641 3916 718 le plus petit nombre.
3502 714 5090 828 Châles au 1/4 _ Laine Fantaisie
3518 810 5318 907 La situation de cet article, qui était en souffrance au
3296 904 5238 1005 trimestre dernier, s'est un peu améliorée depuis 3 semaines
3288 1004 5314 1103 environ. On ne peut pas dire, néanmoins, que sa situation soit
3304 1102 5264 1195 bonne, attendre que c'est le moment le plus fort du travail
3286 1207 4826 1298 et qu'il ne va pas aussi bien qu'on l'espérait.
3370 1308 5104 1408 La moyenne de la journée varie entre 2' et 3'25.
3348 1408 5346 1500 L'ouvrier est payé par 1000 fils à raison de 45,50 et jusqu'à
3292 1513 5374 1609 60'; ce dernier chiffre ne s'applique qu'aux châles riches. Les
3294 1617 5238 1713 dépenses occasionnées par le prix de la journée du lanceur,
3282 1719 5358 1821 l'huile et le racommodage des châles sont rapportés, moitié
3294 1833 4500 1925 par le patron, moiti par l'ouvrier.
3661 1905 5406 2008 Devidage    Depuis trois semaines ou un
3294 2039 5398 2137 mois le travail va toujours en diminuant et occupe à peine un
3288 2149 5416 2245 tiers des ouvriers de cette partie fort nombreuses à Lyon. Malgré
3302 2261 5426 2357 ce chômage leur situation est toute fois moins mauvaise que celle
3296 2369 5402 2469 des ouvrières employées dans d'autres industries, à cause des
3298 2485 5450 2577 engagements à l'année qu'elle contractent avec les maîtresses
3296 2607 3666 2689 dévideuses.
3614 2695 5374 2789 Les ouvrières à l'année sont payées à raison de
3296 2805 5388 2901 120 à 130 avec le logement et la nourriture. Il y a aussi
3296 2915 5378 3013 des ouvrières à la journée au prix de 18'29 et 1'50. Les
3302 3033 5478 3121 ouvrières de cette catégorie sont actuellement presque toutes sans
3262 3157 3528 3237 travail.
3561 3207 5515 3337 Ourdissage _  Quoique suivant le mouvement de
3264 3369 5508 3455 la partie précedente, il n'y a qu'un tiers d'ouvrières inocupées,
3270 3487 5486 3573 parce que le nombre en est beaucoup moins grand. Quant
