6000 4000
1098 309 2882 562 à la situation du travail elles est dans les mêmes situations que dans le
1086 405 2766 660 devidage ; il est peu suivi et n'arrive que par minimes portions.
1236 498 2854 740 Il y a également dans cette partie les ouvrières à l'année aux
1082 597 2832 840 prix de 110 à 200f. Celles a la journée gagnent 150 175 à 270.
1226 797 2836 913 Moulinages _ Dans des conditions completement
1062 891 2918 1103 identiques aux deux précédentes parties. La cherté des soies est dit-on,
1029 1011 2464 1157 les principales cause de ces manque de travail.
1262 1081 2800 1278 La moitié des ouvrières est inoccupée et l'autre moitié
1182 1179 2754 1372 travaille a souvent par semaine un ou deux jours de repos.
1064 1305 1138 1402 qui
1210 1281 2886 1467 Les ouvrières sont payées à la semaine à raison de 8,9 et
1024 1499 1152 1586 10 f.
1222 1590 2896 1747 Lissage _ Au dernier trimestre toutes les ouvrières
1002 1700 2770 1863 de cette partie étaient occupées et leur travail était régulier.
1018 1811 2890 1968 Depuis trois semaines environ il n'y a de l'ouvrage que pour une
986 1923 2862 2067 petite moitié, et encore y a-t-il par semaine quelques jours de
1004 2083 1306 2167 chômage.
1128 2220 2628 2338 Cordage _ Dans les mêmes conditions.
1134 2365 2934 2471 Les ouvrières de cette partie gagnent d'assez bonnes journées 30
962 2474 2830 2573 toute, en outre, nourrues chez les patrons. Celles qui ont un peu
968 2586 2846 2677 d'économie supportent fortement les chômages assez fréquents qui
1120 2695 2204 2780 lieu dans cette partie de la fabrique.
960 2701 1068 2784 ont
1078 2904 2716 2992 Liseurs de desins ou hiqueurs de cartons.
1108 3003 2900 3098 Comme depuis longtemps, les articles haute nouveauté et
930 3115 2848 3216 façonés riches sont dans un état de souffrance, les liseurs
948 3213 2508 3324 remonte le coutse-coup de cette facheuse inaction.
1090 3323 2936 3438 Depuis plusieurs années ils n'ont qu'un travail peu lucratif et
910 3419 1088 3512 rare.
3498 303 5374 437 Les ouvrières de cette partie, peu nombreuses du reste, sont payées
3438 409 5116 541 l'année à raison de 900, 1000, 1100 et même 1200.
3313 478 3404 532 à
4786 596 5394 691 Il n'y a presque pas
3478 625 4734 721 Pliages des étoffes de soie _
3342 690 5414 817 d'ouvrières dans cette partie et les patrons n'occupent habituellement
3354 819 4726 916 qu'un mainoeuvre pour tourner la roue.
3558 887 5442 1002 Le travail y est subordonné aux autres parties de la fabrique
3350 988 5478 1107 et, comme il y a stagnation et dans la vente et dans la fabrication
3352 1106 4918 1207 il subit en ce momeny un grand ralentissement.
4878 1284 5450 1375 Cette partie va mal
3532 1303 4834 1404 Peigniers pour la fabrique _
3358 1397 5390 1502 et il n'y a du travail que pour un petit nombre d'ouvriers. Le
3390 1497 5418 1608 chômage a commencé à se faire sentir dans les premiers jours du
3378 1604 5510 1714 mois d'août, il continue et ne parrait pas vouloir cesser encore.
3590 1706 5506 1810 Lorsque le travail marche bien quelques bons ouvriers gagnent
3384 1815 5374 1924 jusqu'à 6f par journée - La moyenne est de 2 à 3f.
4554 2023 5514 2108 Dans le courant du trimestre
3606 2043 4536 2134 Teintures des soies _
3386 2129 5566 2240 dernier les ouvriers ont été assez activement occupés ;  mais vers le milieu
3382 2243 5450 2352 de celui-ci il y a eu un ralentissement sensible tout dans les
3402 2349 5442 2462 ateliers qui font les noirs que dans ceux qui font les couleurs.
3428 2457 5474 2576 Depuis une quinzaine de jours les noirs ont un peu repris les
3420 2585 4698 2684 couleurs sont toujours en souffrance.
3654 2671 5566 2778 Les grands ateliers tels que ceux de Giler Renard Gruiros
3434 2779 5578 2886 Corous Michel et Devon et Ramel ont diminué leur
3402 2898 5606 3009 personnel d'environ un cinquième, et, néanmoins chez quelques
3548 2990 5614 3111 d'entr'eux les ouvriers se reposent un ou deux jours par semaine
3420 3033 3524 3112 uns
3582 3109 5546 3222 La cherté des soies contribue beaucoup au malaise dans
3380 3225 5622 3330 lequel se trouve cette industrie. L'on compte sur une reprise de
3400 3349 5066 3440 travail qui ne peut tarder, dit-on, à arriver.
