6000 4000
1338 298 2872 529 En résumé la situation de notre principale industrie est
1074 403 2924 649 mauvaise, et, rendre la moitié, du moins un bon tiers des métiers
1318 587 2960 799 Le prix ... de la soie (140f le K) contribue pour
1092 633 1476 731 reste inoccupée.
1070 679 2942 911 beaucoup à l'entretien de cette situation fâcheuse ; mais l'on attend
1074 775 2918 1001 des soies de Chine qui on l'espère feront diminuer les prix des
1050 878 2960 1091 nôtres et amèneront son peu de travail vers la fin de ce mois des
1034 1034 1798 1192 les commencements d'octobre.
1694 1269 2394 1398 Industries diverses
1230 1582 2970 1740 Tulles, L'industrie des tulles est depuis plusieurs trimestres
1014 1694 2946 1840 dans de bonnes conditions et les nouvelles relations avec l'amerique
998 1799 2960 1950 y entretiendront, on l'espère, un travail suivi et assez bien retribué.
994 1904 2960 2050 Il est vrai pourtant de dire que cette bonne situation ne s'applique
990 2011 2954 2149 qu'aux tulles Beaubier et Matrices et que les tulles damanés sont
990 2123 2906 2245 toujours en souffrance. Dans la fabrication des premiers les
992 2237 2948 2352 ouvriers ne sont pas lésés pour le travail et gagnent 2f à 30f  par
966 2353 2938 2452 semaine, dans la fabrication des autres ils le sont et gagnent
1196 2471 1790 2560 près moitié moins.
970 2485 1128 2564 à peu
1216 2572 2960 2655 L'on dit mais il n'y a encore rien de pociter que les ouvriers
964 2677 2058 2756 veut de nouveau se mettre en grève.
1144 2887 2960 2970 Impressions sur étoffes _ Cette partie va aussi
920 2991 2836 3082 mal qu'au dernier trimestre et ne tend pas à s'améliorer.
1182 3103 2872 3194 Dans tous les grands ateliers de Lyon les ouvriers se
926 3209 2916 3302 reposent et 3 jours par semaine ; il est cette demesure de
934 3299 2346 3420 ceux de formation et de Neuville ne travail.
3596 266 5422 410 Il y a tous les ans à la même époque un moment de chômage
3364 361 5374 509 mais celui de cette année se fait plus vivement sentir que celui des années
3342 527 3636 613 précédentes.
4342 648 5426 755 Cette industrie a pris depuis quelques années
3608 695 4308 786 Passementerie _
3372 744 5438 887 à Lyon un grand développement dû à la vogue des dessements dont sont
3388 850 5370 978 chargés les vêtements de femmes. Cette modeste mantique et promet
3394 952 5214 1066 à cette partie un travail bien suivi pour l'angleterre encore.
3644 1040 5432 1160 Les ourviers sont assez bien retribués et la moyenne de leur journée
3410 1140 5450 1264 varie entre 27f et 45. Beaucoup de femmes sont occupées pour les
3398 1284 4038 1368 articles à l'aiguille.
3690 1432 5506 1569 Bijouterie femme _ Depuis quelques années cette industrie
3404 1549 5554 1674 est dans de mauvaises conditions. La guerre d'amerique lui a fait un
3378 1649 5558 1784 tort immense, aujourd'hui les relations internomiques avec le Levant
3406 1758 5330 1887 à cause de la fuite, font que son état va de mal en pis.
3652 1962 5450 2081 Ornements en bronze _ Cette industrie est dans les
3400 2078 5538 2205 mêmes conditions que les précédentes, et l'int est obligés de fabriquer
3406 2222 4484 2319 d'avance pour occuper les ouvriers.
3690 2290 5438 2413 Il n'arrive aucune commande ni de l'intérieur ni de
3406 2454 3746 2533 l'extérieur.
3688 2612 5242 2745 Constructeurs des machines à vapeur
3672 2716 5512 2853 M.M Chevalier, Danto, Combe et Gabert, chefs des
3414 2832 5554 2959 principaux ateliers de ce genre, à Lyon, n'ont depuis quelques temps
3438 2936 5550 3071 aucune commande importante et n'occupent leurs ouvriers qu'à
3448 3054 5612 3185 des Mabillages. Tous les ans, il est vrai, un chomage à lieu
3456 3168 5506 3297 a la même époque, mais comme il n'arrive aucun ordre
3410 3278 5658 3409 l'on craint que ce chomage ne se prolonge cette année plus que
3446 3438 3856 3523 d'habitude.
