4000 6000
364 704 1024 882 Teinturerie
290 1616 1266 1794 Imprimeur sur étoffes
256 2540 1178 2712 Ateliers d'Oullins
280 4046 1486 4206 Ateliers de la Buise
1910 639 3502 804 Le chomâge est très pénible dans cette partie.
1944 756 3522 922 Le nombre d'ouvriers
1932 884 3556 1046 est diminué dans les grands comme dans les petits ateliers
1924 1009 3514 1184 et encore ceux qui restent sont-ils obligés de
1926 1159 3592 1318 se reposer tantôt 2 tantôt 3 par journées.
2032 1295 3538 1433 Le prix de la journée est toujours le même.
2192 2483 3690 2640 Le travail a beaucoup repris dans cette usine.
2196 2635 3684 2778 Le nombre d'ouvriers qui depuis le mois de mars
2056 2783 3586 2922 au 15 juin était descendu de 1100 à 600 est
2036 2927 3384 3066 remonté aujourd'hui à 1200 et quelques.
2196 3049 3626 3202 Il est arrivé des commandes
2028 3189 3582 3338 pressées dont l'execution nécessitera un
2038 3355 2964 3472 travail de quelques mois.
2238 3471 3694 3616 Les prix sont toujours les mêmes il y a des
2032 3609 3666 3772 ouvriers depuis 3f jusqu'à 10 et 12 par
2050 3807 2294 3912 journée.
2258 4055 3634 4190 Le travail reprend aussi dans cette usine.
2244 4183 3742 4332 Le nombre d'ouvriers qui était de 1700 au mois
2080 4332 3788 4476 de juin dernier était descendu à 200 il est aujourd'hui
2180 4463 3778 4600 à ce chiffre mais tous les jours le nombre augmente.
2222 4605 3770 4750 Le prix à la journée de travail est la même
2088 4793 2554 4920 qu'a Oullins.
