3000 4000
501 157 1259 285 M. De la Verpilliere P. D. Mr
485 299 786 386 M.Chirat,
483 386 839 476 M.Claviere
483 479 813 564 M.Bertin
486 570 794 658 M.Audra
1515 193 2601 362 Du Mardy Dix neuf fevrier
1467 326 2589 470 Mil Sept Cent Soixante et onze, En L'hotel Commun
1476 446 2115 575 De la Ville De lyon y étant
492 758 897 850 Cochet
459 937 921 1040 Mazuel
1082 617 2597 759 Entre la nommée Cochet fille domestique Demdsse. et le Sr marzuel
1022 726 2603 862 maitre fabricant en cette ville deffendr. Vû L'assignation donnée à ce Dier Le
1016 831 2603 954 jour d hier par l'huissier Bertaud pr en venir en cette audce aux fins de se
1019 929 2591 1053 voir condamner avec depens et par corps a payer à ladite demdsse la somme
1001 1037 2603 1147 De  quarante trois livres seize sols pour solde de gages, ainsi qu'il avoit
1004 1140 2609 1240 été reglé par m. Claviere echevin, oüi les parties de même que Marie
1005 1254 1382 1342 Pierre Prost #.
1082 1346 2606 1434 Il est dit que ledit Mazuel est condamné et sera contraint même par
1014 1444 2601 1533 corps de payer à ladite Cochet la somme de quarante trois livres seize sols
1007 1543 2598 1637 pour solde de gages avec Depens liquides à trente sol outre ceux de mise
1001 1657 2612 1732 à éxécution des présentes, et sur la requisition dud. mazuel payera
996 1756 2607 1829 douze livres dans trois jours à compter d'aujourd'hui et le surplus à raison
998 1853 2610 1934 de trois livres par mois, dont le premier terme écherra le vingt cinq mars
980 1948 2606 2035 prochain, et ainsi continuer semblables payemens à pareille echéance
995 2045 2609 2136 de chaque mois ensuite jusqu'à l'entier acquitement et à defaut d'être
1001 2144 2588 2235 exact à chaque terme sera contrant pour tout ce qui se trouvera en
996 2231 1950 2318 reste et par jugement en Der ressort #.
470 2330 1068 2466 Ferroussat
426 2555 942 2657 Donzier
1113 2335 2604 2442 Entre Jean marie ferroussat mtre fabqt demdr et ledit
1001 2466 2597 2562 Donzier marchand did. art deffendr. Vû l'assignaton donnée à ce der. le jour d'hier par
984 2561 2586 2663 l'huissier Bertaud pour en venir en cette audce. aux fins de se voir condamner avec
995 2664 2591 2757 depens et par corps à payer aud. demandr. la façon d'une pièce drapée
989 2742 2585 2853 tirant 64 aunes a raison de vingt cinq sols rendue en 8bre. 1767. Oüi les
989 2836 2597 2962 femmes ferroussat et Donzier faisant pour leurs maris; et oüi sur le tout
995 2932 1502 3023 marie Pierre Prost #.
1079 3042 2579 3159 Il est dit que ledit Donzier est condamné et sera contraint même par
996 3131 2574 3253 corps de payer audi. ferroussat la somme de soixante quatre livres à
977 3223 2552 3349 laquelle nous avons fixé d'office la façon de l'etoffe dont il s'agit, plus
968 3315 2546 3452 Depens liquides à trente sols outre ceux de mise a exécution des
978 3411 2997 3568 présentes ; et acte  du payement présentement fait par ladite
984 3537 2562 3652 femme Donzier à lad. femme ferroussat p son mary de la somme
989 3607 2564 3758 de soixante cinq livres dix sols pour le montant des condamnations
987 3692 2039 3855 cy dessus et par jugemt en der. ressort #.
