3000 4000
203 203 434 356 Labe
213 380 444 507 Dutel
621 86 2561 179 Entre antoine Labe compagnon fabricant demdr et le nommé
591 203 2546 291 Dutel maître dud. art Deffendr. vû l'assignation donnée à ce der. Le cinq
576 306 2585 396 de ce mois par l'huissier vincent pour en venir en cette audce. aux fins de
581 417 2561 500 se voir condamner avec depens et par corps  de payer aud. Labe la
575 515 2570 599 somme de trente cinq livres pour la façon de six aunes taffetas Broche
578 616 2505 701 à raison de 3£ 10s l'aune, aux offres d'allouer tous payemens; oüi les
585 711 1608 808 parties de même que M.P.Prost. #
651 818 2574 912 Il est dit que led. Dutel est condamné et sera contraint même par
594 924 2573 1021 corps de payer aud. Labe la somme de six livres dix neuf sols neuf
600 1020 2559 1120 deniers pour solde de la façon de l'etoffe dont il s'agit avec depens
594 1118 2558 1230 liquidés à trente sols outre ceux de mise a exécution des présentes
600 1213 2501 1337 et sur la requisition dud. Dutel payera à raison de trente sols par
600 1323 2561 1444 mois dont le premier payement sera fait le dix neuf mars prochain, et
606 1422 2516 1546 ainsi continuer semblables payements à pareille echéance de chaque mois
611 1533 2474 1647 ensuite jusqu'à l'entier acquitement et à defaut d'être exact à chaque
615 1638 2570 1753 terme sera contraint pour tout ce qui se trouvera Dû en reste, et par
609 1769 1061 1864 jugement der. #
233 1950 563 2048 Dujast
225 2165 503 2259 Grand
690 1878 2550 2016 Entre le nommé Dujast maitre fabricant demdr et le nommé Grand
621 1976 2529 2129 maitre dud. art Deffendeur. sur la demande formée par led. Dujast aud Grand
612 2084 2514 2228 de la somme de quarante neuf livres pour solde du prix de differens ustanciles
621 2193 2465 2325 de metier propres à la fabrication des etoffes de soyes suivant le compte qu
618 2295 2528 2440 en a été produit aud. grand. oüi les parties comparues en cette audiance, oüi les
609 2402 2211 2548 mtres. jurés gardes fabricans en leur avis, et oüi marie Pierre Prost #
690 2530 2510 2668 il est dit que led. grand est condamné et sera contraint même par corps
630 2636 2540 2783 de payer audit Dujast la somme de quarante neuf livres pour solde du prix
630 2733 2567 2883 des articles du compte dont il s agit avec depens liquides à trente sols outre
648 2838 2406 2979 ceux de mise a exécution des présentes ; et par jugement en der. ressort #
272 3000 629 3116 Niviere
249 3238 645 3302 Capitan
714 2981 2580 3110 Entre antelme Niviere compagnon fabricant demandeur et rene Capitan
651 3093 2535 3218 maitre dud. art deffendeur et oposant. vû notre sentence par défaut contre ce
645 3202 2495 3298 Der. du 15 du precedent mois duement scellée et signiffiée le vingt six dud. mois
633 3290 2441 3397 par l'huissier cusset avec commandement ensemble l'assignation donnée aud.
648 3379 2510 3488 Capitan par le même huissier le 4e de ce mois p en venir pardevant nous aux
645 3460 2507 3580 fins de voir dir sans s'arreter à l'oposition par luy formée le 28 dud. mois de jer der
651 3560 2507 3668 par exploit de l'Her. Doriel à notre d. sentence, de laquelle il sera deboutté que
651 3653 2573 3763 nostres sentence sera exécutée avec depens de l'incident, oüi les parties de même
