3000 4000
921 174 1539 311 que marie Pierre Prost #.
1008 263 2514 402 il est dit sans avoir egard à l'opoon formée par led. Capitan à notre
933 369 2585 554 sentence du quinze Janvier dernier de laquelle il est deboutté que notre
918 473 2550 611 sentence sera exécutée led. Capitan condamné aux depens de l'incident
921 581 2562 716 liquides y compris ceux cy devant adjugés a cinq livres cinq sols neuf
924 682 2559 811 deniers outre ceux de mise a exécution et sur la requisition dud capitan
935 783 2562 908 payera la somme de treize livres portée en notre susd. sentence avec
929 887 2561 1014 depens à raison de trente sols par mois dont le premier terme echerra
903 996 2571 1119 le 20e mars prochain, et ainsi continuer semblables payemens après chaque
918 1102 2580 1222 echéance de chaque mois ensuite jusqu'à l'entier acquitement et à défaut d
927 1210 2583 1318 etre exact a chaque terme sera contraint pr tout ce qui se trouvera
909 1311 2583 1418 en reste, en conséquence les executions commencées seront continuées
923 1421 2532 1517 parfaites et parachevées, et par jugement en Der. ressort #.
396 1604 1019 1695 fabricans
359 1791 725 1872 Bois
1019 1580 2585 1676 Vû le procès verbal fait par Bertaud huissier royal le vingt
942 1692 2579 1788 janvier dernier à la requête et accompagné des S. jurés gardes de la
933 1800 2592 1888 comté. des maitres et marchands fabricans en etoffes de soye de cette ville
935 1909 2591 1985 par lequel il est établi que le nommé Bois maitre dud. art etoit
945 2010 2595 2094 contrevenû aux dispositions des reglemens de lad. comté. et des lettres
942 2114 2589 2207 patentes du mois de Jer. 1726 en achetant des soyes de toutes mains sans
945 2219 2598 2313 justifier par factures ny livres de compte de qui il tenoit lesdites soies.
936 2328 2595 2422 pour en constater led. huissier à la susd. requisition avoit saisi et
939 2422 2601 2531 enlevé au préjudice et dans le domicile dud. Bois plusieurs pantines de
948 2528 2595 2645 soye trame de differentes couleurs du poid d'onze livres trois onces dix
930 2643 2577 2756 deniers, desquelles ainsi que du livre représenté par led. Bois avoit
957 2741 2601 2868 été fait un paquet, et du tout avoit été rédigé led. verbal, ensuite
960 2847 2595 2982 duquel assignation a été donnée aud. bois le jour d'hier par l'
948 2958 2577 3095 huissier Bertaud pr en venir en cette audce. aux fins de se voir
954 3065 2586 3206 condamner aux peines et amandes resultantes de sad. contravention.
936 3162 2595 3321 Vû les soyes saisies ensemble les reglemens et lettres patentes cy dessus
948 3284 2574 3434 enoncés ; Oüi lesd. Sr. Jurés gardes, led. Bois n'étant comparu ni
933 3416 2520 3542 personne p Luy et oüi sur le tout marie Pierre Prost #
1041 3504 2574 3660 Il est dit, defaut faute de comparution contre led. Bois et pour
933 3624 2556 3767 le profit d'iceluy, pour la contravention par lui commise et
945 3731 2553 3885 constatée par le procès verbal de l'huissier Bertaud aux dispositions
956 3858 2566 3977 des art. 4. 5. et 7. des reglemens de la grande fabrique de 1744 cy dessus
