3000 4000
687 257 2658 369 ceux de 1737. et des lettres patentes de janvier 1726, en achetant des
690 371 2718 459 soyes de toutes mains sans justifier de qui il les tenoit par factures
683 473 2739 554 ny livres de commerce, que les soyes saisies et enoncées aud. procès
674 575 2774 656 verbal sont et demeurent confisquées, # Bois condamné en l'amande
693 676 2705 762 de cinq cent livres au payement de laquelle il sera contraint même
695 777 2747 873 par corps avec depens liquides à sept sols outre ceux de
698 893 2733 993 mise a exécution des présentes, deffenses luy étant faites de recidiver
701 990 2765 1108 sous plus grandes peine, et acte de la remise presentement faite auxd.
690 1082 2738 1225 jurés gardes fabricans des soyes cy dessus confisquées au moyen de
707 1190 2687 1336 quoy tous depositaires valablement dechargés et passé outre #
258 1415 812 1540 fabricans
264 1575 462 1666 aumones
812 1362 2726 1491 Sur ce qui a été représenté au consulat par les sindics maitres gardes et
713 1477 2786 1595 inspecteurs et controlleurs jurés de la comté des maitres et Mds. fabqs en etoffe de soye
708 1581 2694 1694 de cette ville que la cessation presque entière de travail réduisant le plus grand
696 1672 2730 1784 nombre des maitres de leur comté à la plus cruelle misère, ils avoient sur notre
705 1779 2739 1883 permission tenue une assemblée de leurs corps dans laquelle par deliberation
705 1878 2753 1987 p du 14e. de ce mois il avoit entre autre choses été arrêté qu'il seroit prelevé ds
711 1974 2733 2098 deniers de la comté une somme de six mille livres pour etre employée au
699 2083 2754 2207 soulagement des ouvriers de la fabrique les plus necessiteux; mais comme ils
705 2182 2762 2316 ne pouvoient faire l'emploi de cette somme qu'autant qu'il nous plairoit de
702 2283 2762 2425 les y autoriser ils nous suplioient en hommologuant ladite deliberation les
726 2383 2834 2533 autoriser a employer dans la depense de leur compte la susd. somme de
723 2503 2399 2643 600£ surquoy vû la susd. deliberation, et oüi M.P.Prost #
765 2601 2769 2764 Le consulat a autorisé les maitres gardes actuels de la comté des fabricans
744 2707 2768 2880 en etoffes de soye de cette ville a prelever sur les deniers apartenants à lad.
741 2795 2741 2986 communauté la somme de six mille livres pour etre employée
732 2910 2751 3096 au soulagement des pauvres ouvriers de leur proffession conformément et
747 3011 2726 3192 au desit de la delibération du quatorze de ce mois laquelle demeure
738 3109 2778 3301 à cet effet hommologuée, et sera en conséquence la susd. somme allouée
744 3214 2802 3411 dans la depense de leur compte en justifiant par eux de l'emploi d'icelle
741 3367 2130 3520 au susd. usage. fait le 19 fer. 1771 ##
